=LDR  00716nam a2200205 i 4500
=001  bima0000033279
=003  SpMaBN
=005  20180120000000.7
=008  900725q18401853mx\\\\\|\||||\000\p\spa\\
=016  7\$abimaBNE20030369323$zIND9100181062$2SpMaBN
=035  \\$a(OCoLC)776415062
=040  \\$aSpMaBN$bspa$cA2$dSpMaBN
=080  \\$a(72)
=080  \\$a821.134.2(72)-14"18"
=245  00$aConfesión del centralismo$h[Texto impreso]
=260  \\$a[S.l.]$b[s.n.]$c[entre 1840 y 1853]$e[México, D.F.?]$fimp. por M. Quiroga
=300  \\$a[2] p.$c32 cm
=594  \\$aTítulo tomado de la cabecera
=856  41$uhttp://bdh-rd.bne.es/viewer.vm?id=0000103275&page=1$yBiblioteca Digital Hispánica
=995  \\$aBiblioteca Nacional de España

