=LDR  00952cam a2200253 c 4500
=001  bima0000037126
=003  SpMaBN
=005  20220210200048.5
=008  900725s1840\\\\sp\a\\\\\\\\\\000\1\cat\\
=016  7\$abimaBNE20030487065$zIND9100239250$2SpMaBN
=035  \\$a(OCoLC)740384832
=040  \\$aSpMaBN$bspa$cA2$dSpMaBN
=080  \\$a821.134.1-91"18"
=245  00$aDiscursos de un vagamundo sobre la elecció de estat :$btoca las penalitats del estat ecclesiástich, pondera los inconvenients del matrimoni, y resol quedarse vagamundo
=260  \\$a[S.l.]$b[s.n.]$c[1840?]$eBarcelona$fen la Estampa dels Hereus de la Viuda Pla
=300  \\$a[4] p.$bil.$c22 cm
=336  \\$aTexto (visual)
=337  \\$asin mediación
=380  \\$iMajor genre$aLiterature$leng
=381  \\$iMajor genre$aOther$leng
=594  \\$aTítulo tomado de la cabecera
=597  \\$aTexto a dos columnas
=655  \7$aPliegos de cordel$2tgfbne
=995  \\$aBiblioteca Nacional de España

