=LDR  00923cam a22002531c 4500
=001  bima0000037127
=003  SpMaBN
=005  20220210200113.5
=008  900725s1834\\\\sp\a\\\\\\\\\\000\1\cat\\
=016  7\$abimaBNE20030487076$zIND9100239251$2SpMaBN
=035  \\$a(OCoLC)740384834
=040  \\$aSpMaBN$bspa$cA2$dSpMaBN
=080  \\$a821.134.1-91"18"
=245  00$aDiscursos de una donsella per elecció de estat :$blos inconvenients que troba en ser monja, en quedarse minyona, y en ser casada, y resol casarse
=260  \\$a[S.l.]$b[s.n.]$c[1834?]$eBarcelona$fEstampa dels Hereus de la Viuda Pla
=300  \\$a[4] p.$bil.$c22 cm
=336  \\$aTexto (visual)
=337  \\$asin mediación
=380  \\$iMajor genre$aLiterature$leng
=381  \\$iMajor genre$aOther$leng
=594  \\$aTítulo tomado de la cabecera
=597  \\$aTexto a dos columnas
=655  \7$aPliegos de cordel$2tgfbne
=995  \\$aBiblioteca Nacional de España

