=LDR  00957cam a2200253 c 4500
=001  bima0000037491
=003  SpMaBN
=005  20191002092706.4
=008  900725s1860\\\\sp\a\\\\\\\\\\000\p\spa\\
=016  7\$abimaBNE20030490812$zIND9100246736$2SpMaBN
=035  \\$a(OCoLC)433344718
=040  \\$aSpMaBN$bspa$cA2$dSpMaBN$erda
=080  \\$a821.134.2-14"18"
=245  00$aUn drama ridículo de amor y celos entre un caballero y su sirvienta, dos gatos y un mico
=264  \1$aBarcelona$bCristina Segura,$c[1860?]
=300  \\$a2 páginas sin numerar$bilustraciones (blanco y negro)$c22 cm
=336  \\$aTexto
=337  \\$asin mediación
=338  \\$avolumen$2rdacarrier
=500  \\$aIncluye (páginas 3-4) Canción de la jalea y amores de una dama con un confitero. La hermosa Julia
=500  \\$aTexto a dos columnas
=740  02$aCanción de la jalea y amores de una dama con un confitero
=740  32$aLa hermosa Julia
=995  \\$aBiblioteca Nacional de España

