=LDR  02075cam a2200277 c 4500
=001  bima0000046493
=003  SpMaBN
=005  20211117104242.4
=008  900725s1896\\\\sp\\\\\\\\\\\\000\d\spa\\
=016  7\$abimaBNE20030929325$zIND9200339073$2SpMaBN
=035  \\$a(OCoLC)433393234
=040  \\$aSpMaBN$bspa$cA2$dSpMaBN
=080  \\$a821.134.2-293"19"
=080  \\$a821.134.2-2$2summary
=100  1\$aGarcía Álvarez, Enrique$d(1873-1931)$0XX922984$1http://viaf.org/viaf/22135472/
=245  14$aLas escopetas :$bzarzuela cómica en un acto, dividido en cuatro cuadros, en prosa$coriginal de Enrique García Álvarez y Antonio Paso ; música de los maestros Estellés y Valverde (Hijo)
=260  \\$a[S.l.]$b[s.n.]$c1896$eMadrid$fR. Velasco, impresor
=300  \\$a36 p.$c21 cm
=336  \\$aTexto (visual)
=337  \\$asin mediación
=490  0\$aEl teatro : colección de obras dramáticas y líricas
=490  0\$aBiblioteca lírico-dramática y teatro cómico
=500  \\$a"Estrenada en el Teatro de Apolo la noche del 12 de junio de 1896"
=700  1\$aPaso, Antonio$d(1870-1958)$0http://datos.bne.es/resource/XX868243$1http://viaf.org/viaf/22447163/
=856  41$uhttp://bdh-rd.bne.es/viewer.vm?id=0000193967&page=1$yBiblioteca Digital Hispánica$zacceso y/o uso restringido$xLa presente obra presenta restricciones en cuanto a su reproducción, distribución, comunicación pública o transformación; no obstante y en virtud del artículo 37 del Texto refundido de la Ley de Propiedad Intelectual (TRLPI), la Biblioteca Nacional de España está autorizada a la reproducción y a la comunicación de obras, mediante red cerrada e interna, a efectos de investigación (artículo 37, RDL 1/1996, de 12 de abril, revisada el 5 noviembre de 2015); sin perjuicio de las copias que puedan obtenerse en la BNE para uso privado, para ejercer cualquier otro de los derechos de explotación previstos en la TRLPI, el usuario deberá contactar con el correspondiente titular o la entidad de gestión encargada de representar al titular.
=995  \\$aBiblioteca Nacional de España

