=LDR  00646cam a2200193 c 4500
=001  bima0000053465
=003  SpMaBN
=005  20211117114457.4
=008  900725s1880\\\\sp\a\\\|\||||\000\j\spa\\
=016  7\$abimaBNE20040164506$zIND9200418396$2SpMaBN
=035  \\$a(OCoLC)433434090
=040  \\$aSpMaBN$bspa$cA2$dSpMaBN
=080  \\$a821.134.2-343"18"
=245  00$aHistoria verdadera y auténtica del famoso caballero del Aguila Roja
=260  \\$a[S.l.]$b[s.n.]$c[ca. 1880]$eMadrid$f[M. Minuesa] Despacho, calle Juanelo, núm. 19
=300  \\$a32 p.$bil.$c21 cm
=336  \\$aTexto (visual)
=337  \\$asin mediación
=995  \\$aBiblioteca Nacional de España

