=LDR  00582cam a2200193 c 4500
=001  bima0000053487
=003  SpMaBN
=005  20211117114332.4
=008  900725s1884\\\\sp\\\\\\\\\\\\000\p\spa\\
=016  7\$abimaBNE20040164720$zIND9200418522$2SpMaBN
=035  \\$a(OCoLC)433434187
=040  \\$aSpMaBN$bspa$cA2$dSpMaBN
=080  \\$a821.134.2-13"18"
=245  00$aHistoria de Carlo-Magno y de Los doce pares de Francia
=260  \\$aMadrid ;$aBarcelona$bHernando$c[1884?]
=300  \\$a32 p.$c21 cm
=336  \\$aTexto (visual)
=337  \\$asin mediación
=995  \\$aBiblioteca Nacional de España

