=LDR  00638cam a2200193 c 4500
=001  bima0000053502
=003  SpMaBN
=005  20211117114524.4
=008  900725s1880\\\\sp\a\\\|\||||\000\j\spa\\
=016  7\$abimaBNE20040164876$zIND9200418618$2SpMaBN
=035  \\$a(OCoLC)433434255
=040  \\$aSpMaBN$bspa$cA2$dSpMaBN
=080  \\$a821.134.2-32"18"
=245  00$aHistoria de las desdichas del corregidor de Almagro
=260  \\$a[S.l.]$b[s.n.]$c[ca. 1880]$eMadrid$fImp. de M. Minuesa, Despacho, calle de Miguel Servet, 13
=300  \\$a32 p.$bil.$c22 cm
=336  \\$aTexto (visual)
=337  \\$asin mediación
=995  \\$aBiblioteca Nacional de España

