=LDR  01340cam a2200313 c 4500
=001  bima0000056544
=003  SpMaBN
=005  20200611000000.5
=008  900725s1894\\\\sp\\\\\\\\\\\\000\d\spa\\
=016  7\$abimaBNE20040210801$zIND9200451507$2SpMaBN
=035  \\$a(OCoLC)433447991
=040  \\$aSpMaBN$bspa$cA2$dSpMaBN
=080  \\$a821.134.2-293"18"
=080  \\$a821.134.2-2$2summary
=100  1\$aJackson Cortés, Eduardo$d(1826-1890)$0XX1322784$1http://viaf.org/viaf/83471199/
=245  14$aLos baturros :$bjuguete cómico lírico en un acto y en verso$cletra de los señores Eduardo Jacksón Cortés y José Jacskon Veyán ; música del maestro Nieto
=250  \\$a4ª ed.
=260  \\$aMadrid$bArregui y Aruej$c1894$eMadrid$fR. Velasco
=300  \\$a32 p.$c20 cm
=336  \\$aTexto (visual)
=337  \\$asin mediación
=380  \\$iMajor genre$aLiterature$leng
=381  \\$iMajor genre$aDrama$leng
=500  \\$a"Estrenado con extraordinario éxito por la Compañía de Variedades en el Teatro Martín el 28 de abril de 1888"
=655  \7$aTeatro lírico$2tgfbne
=655  \7$aComedias (Literatura)$2tgfbne
=700  1\$aJackson Veyán, José$d(1852-1935)$1http://viaf.org/viaf/60425649/
=856  41$uhttp://bdh-rd.bne.es/viewer.vm?id=0000254303&page=1$yBiblioteca Digital Hispánica
=995  \\$aBiblioteca Nacional de España

