=LDR  00954nam a2200241 i 4500
=001  bima0000064095
=003  SpMaBN
=005  20180120000000.7
=008  900725q18511900fr\\\\\|\||||\000\p\fre\\
=016  7\$abimaBNE20040538983$zIND9200514763$2SpMaBN
=035  \\$a(OCoLC)776419884
=040  \\$aSpMaBN$bspa$cA2$dSpMaBN
=080  \\$a(72)
=080  \\$a929 Comonfort, Ignacio (0:82)
=080  \\$a821.134.2(72)-14"18"
=100  1\$aLion, Félix$0XX963029
=245  10$aAdieux a Mexico$h[Texto impreso] :$bode dediée à M. de Comonfort, Président de la République Mexicaine
=260  \\$a[S.l.]$b[s.n.]$c[entre 1851 y 1900?]$eSenlis$fTyp. de Regnier
=300  \\$a8 p.$c27 cm
=594  \\$aTítulo tomado de la cabecera
=600  17$aComonfort, Ignacio$d(1812-1863)$vPoesías$2embne$0http://datos.bne.es/resource/XX5130281
=856  41$uhttp://bdh-rd.bne.es/viewer.vm?id=0000103273&page=1$yBiblioteca Digital Hispánica
=995  \\$aBiblioteca Nacional de España

