=LDR  00824nam a2200229 i 4500
=001  bima0000065284
=003  SpMaBN
=005  20210419125356.2
=008  900725q18511890sp\a\\\|\||||\000\p\spa\\
=016  7\$abimaBNE20040552518$zIND9200527286$2SpMaBN
=035  \\$a(OCoLC)776419981
=040  \\$aSpMaBN$bspa$cA2$dSpMaBN
=080  \\$a821.134.2-14"18"
=245  03$aEl lorito de Veracruz$h[Texto impreso] :$bamericana
=260  \\$a[S.l.]$b[s.n.]$c[entre 1851 y 1890?]$eMadrid$fImp. de Francisco Hernández
=300  \\$a[4] p.$bil.$c20 cm
=505  2\$aEl jaleo de los toreros ; La sultana
=594  \\$aTítulo tomado de la cabecera
=740  32$aEl jaleo de los toreros
=740  32$aLa sultana
=856  41$uhttp://bdh-rd.bne.es/viewer.vm?id=0000039349&page=1$yBiblioteca Digital Hispánica
=995  \\$aBiblioteca Nacional de España

