=LDR  00642nam a2200169 i 4500
=001  bima0000081445
=003  SpMaBN
=005  20210702092025.6
=008  960922q18311860sp\\\\\|\||||\000\0\spa\\
=016  7\$abimaBNE20050788980$zIND9600669099$2SpMaBN
=035  \\$a(OCoLC)776424732
=040  \\$aSpMaBN$bspa$cCDM$dSpMaBN
=080  \\$a821.134.2-22"18"
=245  00$aBando-sainete contra homeópatas, alópatas, boticarios, médicos de burros, intrusos, enfermos, sanos y difuntos$h[Texto impreso]
=260  \\$a[S.l.]$b[s.n.]$c[entre 1831 y 1860]$eOviedo$fImp. de Benito González y D.G. Solís
=300  \\$a51 p.$c14 cm
=995  \\$aBiblioteca Nacional de España

