=LDR  00805nam a22002057i 4500
=001  bima0000083641
=003  SpMaBN
=005  20110705100703.3
=008  960922n185u\\\\sp\a\\\\\\\\\\000\1\spa\\
=016  7\$abimaBNE20050820819$zIND9600686760$2SpMaBN
=035  \\$a(OCoLC)776425849
=040  \\$aSpMaBN$bspa$cCDM$dSpMaBN
=080  \\$a821.134.2-14"18"
=245  00$aDon Rodulfo de Pedrajas$h[Texto impreso] :$bnueva relación en que se da cuenta de los valerosos hechos y aventuras que le sucedieron á este caballero y cómo S.M. le premió por sus distinguidas hazañas
=260  \\$aMadrid$bDespacho de Marés y Compañia]c[185-?]$c[s.a.]
=300  \\$a[4] p.$bil.$c22 cm
=500  \\$a"Núm. 52"
=594  \\$aTítulo tomado de la cabecera
=597  \\$aTexto a dos columnas
=995  \\$aBiblioteca Nacional de España

