=LDR  00647nam a2200193 i 4500
=001  bima0000088535
=003  SpMaBN
=005  20180120000000.7
=008  960922s1849\\\\mx\\\\\|\||||\000\p\spa\\
=016  7\$abimaBNE20060142412$zIND9600726486$2SpMaBN
=035  \\$a(OCoLC)776427610
=040  \\$aSpMaBN$bspa$cA2$dSpMaBN
=080  \\$a(72)
=080  \\$a821.134.2(72)-14"18"
=245  00$aProdigios del agua fría$h[Texto impreso]
=260  \\$a[S.l.]$b[s.n.]$c1849$eMéxico$fImpresas por A. López
=300  \\$a[1] h.$c34 cm
=856  41$uhttp://bdh-rd.bne.es/viewer.vm?id=0000079843&page=1$yBiblioteca Digital Hispánica
=995  \\$aBiblioteca Nacional de España

