=LDR  00660nam a2200205 i 4500
=001  bima0000105639
=003  SpMaBN
=005  20180120000000.7
=008  990501q18401880mx\\\\\|\||||\000\p\spa\\
=016  7\$abimaBNE20060694414$zIND9900876127$2SpMaBN
=035  \\$a(OCoLC)433857729
=040  \\$aSpMaBN$bspa$cA2$dSpMaBN
=080  \\$a(72)
=080  \\$a821.134.2(72)-14"18"
=245  00$aTestamento$h[Texto impreso]
=260  \\$a[S.l]$b[s.n.]$c[entre 1840 y 1880]
=300  \\$a[1] h.$c31 cm
=594  \\$aTítulo tomado de la cabecera
=856  41$uhttp://bdh-rd.bne.es/viewer.vm?id=0000103274&page=1$yBiblioteca Digital Hispánica
=995  \\$aBiblioteca Nacional de España

