=LDR  00960cam a2200241 c 4500
=001  bima0000118259
=003  SpMaBN
=005  20180120000000.7
=008  890621s1833\\\\mx\\\\\|\||||\000\p\spa\\
=016  7\$abimaBNE20070155922$zBNPAB00003647$2SpMaBN
=035  \\$a(OCoLC)433939953
=040  \\$aSpMaBN$bspa$cPAB$dSpMaBN$dSpMaBN
=080  \\$a929 López de Santa Anna, Antonio (0:82)
=080  \\$a821.134.2(72)-14"18"
=080  \\$a821.134.272$2BDH
=245  03$aEl a dios de los artesanos al presidente Santa-Anna
=260  \\$a[México?]$b[s.n.]$c[1833?]$fImp. en la calle del Venero junto al número 10
=300  \\$a[1] h.$c22 cm
=336  \\$aTexto (visual)$2isbdcontent
=337  \\$asin mediación$2isbdmedia
=600  17$aLópez de Santa Anna, Antonio$d(1795-1876)$vPoesías$2embne$0http://datos.bne.es/resource/XX5089717
=856  41$uhttp://bdh-rd.bne.es/viewer.vm?id=0000131299&page=1$yBiblioteca Digital Hispánica
=995  \\$aBiblioteca Nacional de España

