=LDR  01144nam a2200277 i 4500
=001  bima0000118702
=003  SpMaBN
=005  20180120000000.7
=008  930204q1848\\\\mx\\\\\|\||||\000\p\spa\\
=016  7\$abimaBNE20070160546$zBNPAB00006220$2SpMaBN
=035  \\$a(OCoLC)776434384
=040  \\$aSpMaBN$bspa$cPAB$dSpMaBN
=080  \\$a(72)
=080  \\$a821.134.2(72)-14"18"
=080  \\$a929 López de Santa Anna, Antonio (0:82)
=080  \\$a94(72)"1821/61"(0:82)
=100  1\$aÁlvarez, Juan$d(1790-1867)$0XX1508439
=245  10$aDon Juan Álvarez se pronunció a favor de la Nación y Santa-Anna destapó pidiendo a todos perdón$h[Texto impreso]
=260  \\$a[S.l.]$b[s.n.]$c[1848?]$e[México, D.F.]$fImp. de Francisco Frías
=300  \\$a[2] p.$c22 cm
=594  \\$aTítulo tomado de la cabecera
=600  17$aLópez de Santa Anna, Antonio$d(1795-1876)$vPoesías$2embne$0http://datos.bne.es/resource/XX5089717
=651  \7$aMéxico$xHistoria$y1821-1861$vPoesías$2embne
=752  \\$aMéxico$dMéxico
=856  41$uhttp://bdh-rd.bne.es/viewer.vm?id=0000103209&page=1$yBiblioteca Digital Hispánica
=995  \\$aBiblioteca Nacional de España

