=LDR  01128cam a2200277 c 4500
=001  bima0000120714
=003  SpMaBN
=005  20180120000000.7
=008  901025q18451900sp\a\\\|\||||\000\p\spa\\
=016  7\$abimaBNE20070187376$zBNPAB00123467$2SpMaBN
=035  \\$a(OCoLC)716190351
=040  \\$aSpMaBN$bspa$cPAB$dSpMaBN
=080  \\$a821.134.2-1$2summary
=080  \\$a821.134.2-14"18"
=080  \\$a929 Domingo de Guzmán, Santo (0:82)
=245  00$aGozos al glorioso P. y Patriarca Santo Domingo de Guzmán, fundador de la esclarecida orden de predicadores
=260  \\$aBarcelona$bEd. y Libreros Pontificios Herederos de la Vda. Pla$c[entre 1845 y 1900]
=300  \\$a[1] h.$bil.$c32 cm
=336  \\$aTexto (visual)$2isbdcontent
=337  \\$asin mediación$2isbdmedia
=380  \\$iMajor genre$aLiterature$leng
=381  \\$iMajor genre$aOther$leng
=600  07$aDomingo de Guzmán,$cSanto$d(1170-1221)$vPoesías$2embne$0http://datos.bne.es/resource/XX5193164
=655  \7$aGozos$2tgfbne
=856  41$uhttp://bdh-rd.bne.es/viewer.vm?id=0000117384&page=1$yBiblioteca Digital Hispánica
=995  \\$aBiblioteca Nacional de España

