=LDR  01008cam a2200289 c 4500
=001  bima0000120738
=003  SpMaBN
=005  20201019104024.2
=008  901025q18511900xx\a\\\|\||||\000\p\spa\\
=016  7\$abimaBNE20070187613$zBNPAB00123588$2SpMaBN
=035  \\$a(OCoLC)433732178
=040  \\$aSpMaBN$bspa$cPAB$dSpMaBN
=080  \\$a821.134.2-1$2summary
=080  \\$a27-312.47 Virgen de la Salud
=080  \\$a27-312.47(0:82)
=080  \\$a821.134.2-14"18"
=245  00$aGozos a Nuestra Señora de la Salud, venerada en la Villa de Chirivella
=260  \\$a[S.l.]$b[s.n.]$c[entre 1851 y 1900?]
=300  \\$a[1] h.$bil.$c35 cm
=336  \\$aTexto (visual)$2isbdcontent
=337  \\$asin mediación$2isbdmedia
=380  \\$iMajor genre$aLiterature$leng
=381  \\$iMajor genre$aOther$leng
=650  \7$aVirgen de la Salud$vPoesías$2embne
=655  \7$aGozos$2tgfbne
=856  41$uhttp://bdh-rd.bne.es/viewer.vm?id=0000117392&page=1$yBiblioteca Digital Hispánica
=995  \\$aBiblioteca Nacional de España

