=LDR  00737nam a2200217 i 4500
=001  bima0000121018
=003  SpMaBN
=005  20210702092957.6
=008  901010q18311860mx\\\\\|\||||\000\p\spa\\
=016  7\$abimaBNE20070190437$zBNPAB00125161$2SpMaBN
=035  \\$a(OCoLC)776434562
=040  \\$aSpMaBN$bspa$cPAB$dSpMaBN
=080  \\$a(72)
=080  \\$a929 López de Santa Anna, Antonio (0:82)
=080  \\$a821.134.2(72)-14"18"
=245  00$aBoleras de la tlatlaoyera$h[Texto impreso] :$bdedicadas a Santa-Anna
=260  \\$a[S.l.]$b[s.n.]$c[entre 1831 y 1860]
=300  \\$a[1] h.$c21 cm
=594  \\$aTítulo tomado de la cabecera
=600  17$aLópez de Santa Anna, Antonio$d(1795-1876)$vPoesías$2embne
=995  \\$aBiblioteca Nacional de España

