=LDR  00915nam a2200253 i 4500
=001  bimo0000000458
=003  SpMaBN
=005  20190903010050.3
=008  870709s1987\\\\xxk\\\\\\\\\\\\\\\\\eng\\
=016  7\$abimoBNE19910004600$zSAB9000000799$2SpMaBN
=020  \\$a0-582-49242-4
=035  \\$a(OCoLC)434764597
=040  \\$aSpMaBN$bspa$cSpMaBN$erdc
=080  \\$a820.09"04/14"
=100  1\$aSwanton, Michael$0XX1720114$1http://viaf.org/viaf/2487612/
=245  10$aEnglish literature before Chaucer$h[Texto impreso]$cMichael Swanton
=260  \\$aLondon ; New York$bLongman$c1987
=300  \\$aXII, 355 p.$c22 cm
=440  \0$aLongman literature in English series
=504  \\$aBibliografía. Índices
=650  \7$aLiteratura inglesa$yS.V-XI$xHistoria y crítica$2embne
=650  \7$aLiteratura inglesa$yS.XII-XV$xHistoria y crítica$2embne
=650  \7$aEnglish literature$2ELB-n
=995  \\$aBiblioteca Nacional de España

