=LDR  00884nam a2200217 i 4500
=001  bimo0000000462
=003  SpMaBN
=005  20211204013040.7
=008  870709s1976\\\\xxu\\\\\\\\\\\\\\\\\eng\\
=016  7\$abimoBNE19910004644$zSAB9000000803$2SpMaBN
=020  \\$a0-691-10202-3
=035  \\$a(OCoLC)434764623
=040  \\$aSpMaBN$bspa$cSpMaBN$erdc
=080  \\$a820(417)Joyce, James 7 Ulysses.06
=100  1\$aSeidel, Michael$0XX1720106$1http://viaf.org/viaf/95317250/
=245  10$aEpic geography$h[Texto impreso] :$bJames Joyce's "Ulysses"$cby Michael Seidel ; maps drawn by Thomas Crawford
=260  \\$aPrinceton, New Jersey  ;$a Guildford, Surrey$bPrinceton UniversityPress$ccop. 1976
=300  \\$aXXIV, 265 p.$bmap.$c24 cm
=504  \\$aBibliografía. Índice
=600  17$aJoyce, James$d(1882-1941)$tUlysses$2embne$1http://viaf.org/viaf/44300643/
=995  \\$aBiblioteca Nacional de España

