=LDR  01181nam a2200313 i 4500
=001  bimo0000000794
=003  SpMaBN
=005  20200515011048.6
=008  870720s1986\\\\sp\\\\\\\\\\\\\\\\\\spa\\
=015  \\$a1988-ENE-1988-DIC-23487
=016  7\$abimoBNE19910007984$zSAB9000001216$2SpMaBN
=017  \\$aB 19580-1986$bOficina Depósito Legal Barcelona
=020  \\$a84-01-35144-8
=035  \\$a(OCoLC)434765328
=040  \\$aSpMaBN$bspa$cSpMaBN$erdc
=080  \\$a929 MacLaine, Shirley
=080  \\$a820(73)-94"19"
=100  1\$aMacLaine, Shirley$d(1934-)$0XX866350$1http://viaf.org/viaf/110276203/
=240  10$aDancing in the light$lEspañol
=245  10$aBailando en la luz$h[Texto impreso]$cShirley MacLaine ; [traducción de Montserrat Solanas]
=250  \\$a[1ª ed.]
=260  \\$aEsplugues de Llobregat, Barcelona$bPlaza & Janés$c1986
=300  \\$a316 p.$c22 cm
=490  1\$aBiografías y memorias
=500  \\$aTraducción de: Dancing in the light
=600  17$aMacLaine, Shirley$d(1934-)$2embne$1http://viaf.org/viaf/110276203/
=700  1\$aSolanas, Montserrat
=830  \0$aBiografías y memorias (Plaza & Janés Editores)
=995  \\$aBiblioteca Nacional de España

