=LDR  00991nam a2200277 i 4500
=001  bimo0000000809
=003  SpMaBN
=005  20200515011048.6
=008  870721s1986\\\\sp\\\\\\\\\\\\\\\\\\spa\\
=015  \\$a1988-ENE-1988-DIC-16892
=016  7\$abimoBNE19910008132$zSAB9000001237$2SpMaBN
=017  \\$aB 23006-1986$bOficina Depósito Legal Barcelona
=020  \\$a84-01-32167-0
=035  \\$a(OCoLC)434765370
=040  \\$aSpMaBN$bspa$cSpMaBN$erdc
=080  \\$a820-31"19"
=100  1\$aTrenhaile, John$0XX883389$1http://viaf.org/viaf/54749589/
=240  10$aNocturne for the general$lEspañol
=245  10$aNocturno para el general$h[Texto impreso]$cJohn Trenhaile ; [traducción de Montserrat Solanas]
=250  \\$a[1ª ed.]
=260  \\$aEsplugues de Llobregat, Barcelona$bPlaza & Janés$c1986
=300  \\$a263 p.$c22 cm
=440  \0$aPlaza & Janés éxitos
=500  \\$aTraducción de: Nocturne for the general
=700  1\$aSolanas, Montserrat
=995  \\$aBiblioteca Nacional de España

