=LDR  01148nam a22003017i 4500
=001  bimo0000000881
=003  SpMaBN
=005  20200515011049.6
=008  870723s1986\\\\sp\\\\\\\\\\\\\\\\\\cat\\
=015  \\$a1988-ENE-1988-DIC-16678
=016  7\$abimoBNE19910008851$zSAB9000001324$2SpMaBN
=017  \\$aB 37923-1986$bOficina Depósito Legal Barcelona
=020  \\$a84-7533-342-7
=035  \\$a(OCoLC)434765690
=040  \\$aSpMaBN$bspa$cSpMaBN$erdc
=080  \\$a820(73)-32"18"
=100  1\$aPoe, Edgar Allan$d(1809-1849)$0XX895673$1http://viaf.org/viaf/60351476/
=243  10$aCuentos$lCatalán
=245  10$aDescens al Maelström i altres relats$h[Texto impreso]$cEdgar Allan Poe ; versió catalana de Josep Vallverdú ; apèndix per Xavier Laborda ; il·lustracions d'Alfons Godoy
=250  \\$a[1ª ed.]
=260  \\$aBarcelona$bBarcanova$c1986
=300  \\$a110 p.$bil.$c21 cm
=490  1\$aCentaure
=700  1\$aVallverdú, Josep$d(1923-)$1http://viaf.org/viaf/4944559/
=700  1\$aLaborda, Javier$d(1955-)$1http://viaf.org/viaf/43657361/
=700  1\$aGodoy, Alfons
=830  \0$aCentaure (1982)
=995  \\$aBiblioteca Nacional de España

