=LDR  01007nam a2200289 i 4500
=001  bimo0000000913
=003  SpMaBN
=005  20200515011049.6
=008  870723s1986\\\\sp\\\\\\\\\\\\\\\\\\cat\\
=015  \\$a1988-ENE-1988-DIC-16346
=016  7\$abimoBNE19910009177$zSAB9000001364$2SpMaBN
=017  \\$aB 37234-1986$bOficina Depósito Legal Barcelona
=020  \\$a84-7668-058-9
=035  \\$a(OCoLC)434765801
=040  \\$aSpMaBN$bspa$cSpMaBN$erdc
=080  \\$a820(73)-31"19"
=100  1\$aHighsmith, Patricia$d(1921-1995)$0XX896115$1http://viaf.org/viaf/66468662/
=240  10$aThose who walk away$lCatalán
=245  10$aCamins que no duen enlloc$h[Texto impreso]$cPatricia Highsmith ; traducció de Carme Geronès i Carles Urritz
=250  \\$a[1ª ed.]
=260  \\$aBarcelona$bLaia$c1986
=300  \\$a216 p.$c20 cm
=440  \3$aEl mirall i el temps
=500  \\$aTraducción de: Those who walk away
=700  1\$aGeronès, Carme
=700  1\$aUrritz, Carles
=995  \\$aBiblioteca Nacional de España

