=LDR  00889nam a2200229 i 4500
=001  bimo0000000931
=003  SpMaBN
=005  20200515011049.6
=008  870727s1986\\\\sp\\\\\\\\\\\\\\\\\\spa\\
=015  \\$a1988-ENE-1988-DIC-21076
=016  7\$abimoBNE19910009357$zSAB9000001382$2SpMaBN
=017  \\$aB 27073-1986$bOficina Depósito Legal Barcelona
=020  \\$a84-7461-790-1
=035  \\$a(OCoLC)434765883
=040  \\$aSpMaBN$bspa$cSpMaBN$erdc
=080  \\$a821.134.2-4"17"
=100  1\$aFeijoo, Benito Jerónimo$d(1676-1764)$0XX885166$1http://viaf.org/viaf/100046691/
=240  10$aTheatro crítico universal o Discursos varios en todo género de materias, para desengaño de errores comunes$kSelección
=245  10$aTeatro crítico$h[Texto impreso] :$bselección$cBenito J. Feijoo
=260  \\$aMadrid$bS.A.P.E.$cD.L. 1986
=300  \\$a188 p.$c18 cm
=995  \\$aBiblioteca Nacional de España

