=LDR  00883nam a2200265 i 4500
=001  bimo0000000939
=003  SpMaBN
=005  20200515011049.6
=008  870803s1986\\\\sp\\\\\\\\\\\\\\\\\\spa\\
=015  \\$a1988-ENE-1988-DIC-16368
=016  7\$abimoBNE19910009436$zSAB9000001396$2SpMaBN
=017  \\$aB 17192-1986$bOficina Depósito Legal Barcelona
=020  \\$a84-350-2070-3
=035  \\$a(OCoLC)434765925
=040  \\$aSpMaBN$bspa$cSpMaBN$erdc
=080  \\$a820-31"19"
=100  1\$aHogan, James P.$d(1941-)$0XX900846$1http://viaf.org/viaf/22167085/
=245  10$aHerederos de las estrellas$h[Texto impreso]$cJames P. Hogan ; [traducción de B. Ramiro]
=250  \\$a[1ª ed.]
=260  \\$aBarcelona$bEdhasa$c1986
=300  \\$a293 p.$c18 cm
=440  \0$aNebulae$v70
=500  \\$aTraducción de: Inherit the stars
=700  1\$aRamiro, B.
=995  \\$aBiblioteca Nacional de España

