=LDR  00946nam a2200277 i 4500
=001  bimo0000000943
=003  SpMaBN
=005  20190201014117.6
=008  870803s1986\\\\sp\\\\\\\\\\\\\\\\\\spa\\
=015  \\$a1988-ENE-1988-DIC-15924
=016  7\$abimoBNE19910009470$zSAB9000001401$2SpMaBN
=017  \\$aM 8547-1986$bOficina Depósito Legal Madrid
=020  \\$a84-7517-163-X
=035  \\$a(OCoLC)434765960
=040  \\$aSpMaBN$bspa$cSpMaBN$erdc
=041  1\$aspa$heng
=080  \\$a820(73)-31"18"
=100  1\$aChopin, Kate$d(1851-1904)$0XX901037$1http://viaf.org/viaf/46758932/
=240  14$aThe awakening$lEspañol
=245  13$aEl despertar$h[Texto impreso]$cKate Chopin ; traducción, prólogo y notas de Olivia de Miguel
=260  \\$aMadrid$bHiperión$cD.L. 1986
=300  \\$a196 p.$c20 cm
=440  \0$aLibros Hiperión$v92
=500  \\$aTraducción de: The awakening
=700  1\$aMiguel, Olivia de
=995  \\$aBiblioteca Nacional de España

