=LDR  00805nam a2200241 i 4500
=001  bimo0000000978
=003  SpMaBN
=005  20220312011708.7
=008  870804c19871986sp\\\\\\\\\\\\\\\\\\spa\\
=015  \\$a1988-ENE-1988-DIC-16982
=016  7\$abimoBNE19910009829$zSAB9000001441$2SpMaBN
=017  \\$aM 6803-1987$bOficina Depósito Legal Madrid
=020  \\$a84-396-0430-0
=035  \\$a(OCoLC)434766091
=040  \\$aSpMaBN$bspa$cSpMaBN$erdc
=080  \\$a820-31"19"
=100  1\$aWillman, Marianne$0XX903794$1http://viaf.org/viaf/87808890/
=245  10$aTrozos de cielo$h[Texto impreso]$cMarianne Willman
=260  \\$aMadrid$bHarlequín Española$cD.L. 1987
=300  \\$a320 p.$c17 cm
=440  \0$aColección Sinfronteras
=500  \\$aTraducción de: Pieces of sky
=995  \\$aBiblioteca Nacional de España

