=LDR  00865nam a22002537i 4500
=001  bimo0000000981
=003  SpMaBN
=005  20200515011049.6
=008  870804s1986\\\\sp\\\\\\\\\\\\\\\\\\spa\\
=015  \\$a1988-ENE-1988-DIC-16505
=016  7\$abimoBNE19910009852$zSAB9000001444$2SpMaBN
=017  \\$aB 41543-1986$bOficina Depósito Legal Barcelona
=020  \\$a84-86311-54-3
=035  \\$a(OCoLC)434766103
=040  \\$aSpMaBN$bspa$cSpMaBN$erdc
=080  \\$a820(73)-31"19"
=100  1\$aLeonard, Elmore$d(1925-2013)$0XX903796$1http://viaf.org/viaf/19680365/
=245  10$aJoe LaBrava$h[Texto impreso]$cElmore Leonard ; [traducción de Esteban Riambau Saurí]
=250  \\$a[1ª ed.]
=260  \\$aBarcelona$bVersal$c1986
=300  \\$a279 p.$c21 cm
=440  \0$aBest seller senator
=700  1\$aRiambau, Esteve$d(1925-1994)
=995  \\$aBiblioteca Nacional de España

