=LDR  01137nam a2200325 i 4500
=001  bimo0000000993
=003  SpMaBN
=005  20210205005630.6
=008  870804s1986\\\\sp\\\\\\\\\\\\\\\\\\spa\\
=015  \\$a1988-ENE-1988-DIC-15645
=016  7\$abimoBNE19910009975$zSAB9000001459$2SpMaBN
=017  \\$aB 34371-1986$bOficina Depósito Legal Barcelona
=020  \\$a84-7279-243-9
=035  \\$a(OCoLC)434766170
=040  \\$aSpMaBN$bspa$cSpMaBN$erdc
=080  \\$a82-34.085
=080  \\$a82-34(082.2)
=100  1\$aHamelin, Myja$0XX904040$1http://viaf.org/viaf/199968866/
=240  14$aLos cuentos y los niños
=245  14$aLos cuentos y los niños$h[Texto impreso]$cMyja Hamelin ; [versión castellana de A. Lupo Canaleta ; ilustraciones de Marc Berthier]
=250  \\$a[1ª ed.]
=260  \\$aBarcelona$bHogar del Libro$c1986
=300  \\$a127 p.$bil. en col. y n.$c19 cm
=440  \0$a100 ideas$v24
=500  \\$aTraducción de: L'histoire et les petits
=650  \7$aNarración de cuentos$2embne
=650  \7$aCuentos$2embne
=650  \7$aShort story$2ELB-g
=700  1\$aBerthier, Marc
=995  \\$aBiblioteca Nacional de España

