=LDR  01127cam a2200301 i 4500
=001  bimo0000000994
=003  SpMaBN
=005  20220819005332.6
=008  870804s1986\\\\sp\\\\\\\\\\\\\\\\\\cat\\
=015  \\$a1988-ENE-1988-DIC-16061
=016  7\$abimoBNE19910009986$zSAB9000001462$2SpMaBN
=017  \\$aV 760-1986$bOficina Depósito Legal Valencia
=020  \\$a84-7575-079-6
=035  \\$a(OCoLC)434766175
=040  \\$aSpMaBN$bspa$cSpMaBN$erdc
=041  1\$acat$aeng$hcat
=080  \\$a820(73)-1"19"
=100  1\$aCummings, E. E.$d(1894-1962)$0XX904852$1http://viaf.org/viaf/12306931/
=245  10$a44 poemes$cE.E. Cummings ; introducció, selecció i traducció d'Isabel Robles Gómez i Jaume Pérez Montaner
=260  \\$aValència$bConsorci d'Editors Valencians$cD.L. 1986
=300  \\$a129 p.$c19 cm
=336  \\$aTexto (visual)
=337  \\$asin mediación
=440  \0$aPoesia Gregal$v4
=500  \\$aTexto en inglés y catalán
=700  1\$aRobles, Isabel$d(1948-)$1http://viaf.org/viaf/87811521/
=700  1\$aPérez Montaner, Jaume$d(1938-)$1http://viaf.org/viaf/32098974/
=995  \\$aBiblioteca Nacional de España

