=LDR  00796nam a2200241 i 4500
=001  bimo0000001007
=003  SpMaBN
=005  20210310014322.4
=008  870804s1987\\\\sp\\\\\\\\\\\\\\\\\\spa\\
=015  \\$a1988-ENE-1988-DIC-16054
=016  7\$abimoBNE19910010113$zSAB9000001476$2SpMaBN
=017  \\$aM 4897-1987$bOficina Depósito Legal Madrid
=020  \\$a84-396-0423-8
=035  \\$a(OCoLC)434766245
=040  \\$aSpMaBN$bspa$cSpMaBN$erdc
=080  \\$a820-31"19"
=100  1\$aCooper, Tom$0XX905880$1http://viaf.org/viaf/87813123/
=245  10$aBaile de los cuchillos$h[Texto impreso]$cTom Cooper
=260  \\$aMadrid$bHarlequín$cD.L. 1987
=300  \\$a320 p.$c17 cm
=440  \0$aColección Sinfronteras$v13
=500  \\$aTraducción de: Triad of knives
=995  \\$aBiblioteca Nacional de España

