=LDR  01006nam a2200277 i 4500
=001  bimo0000001050
=003  SpMaBN
=005  20200103011304.6
=008  870806s1986\\\\sp\\\\\\\\\\\\\\\\\\eng\\
=015  \\$a1988-ENE-1988-DIC-15606
=016  7\$abimoBNE19910010540$zSAB9000001548$2SpMaBN
=017  \\$aM 41509-1986$bOficina Depósito Legal Madrid
=020  \\$a84-7477-087-4
=035  \\$a(OCoLC)434766524
=040  \\$aSpMaBN$bspa$cSpMaBN$erdc
=080  \\$a82-94.09(042)
=080  \\$a82:159.9(042)
=100  1\$aBruner, Jerome Seymour$0XX909197$1http://viaf.org/viaf/108296631/
=245  10$aDiscurso de investidura de Doctor "Honoris Causa"$h[Texto impreso]$cJerome Bruner ; presentación, José L. Linaza Iglesias
=260  \\$aMadrid$bEdiciones de la Universidad Autónoma$c1986
=300  \\$a52 p.$c21 cm
=500  \\$aEn inglés
=504  \\$aBibliografía: p. 51-52
=650  \7$aAutobiografía$xHistoria y crítica$2embne
=650  \7$aAutobiography$2ELB-g
=995  \\$aBiblioteca Nacional de España

