=LDR  00861nam a2200253 i 4500
=001  bimo0000001097
=003  SpMaBN
=005  20200515011050.6
=008  870807s1986\\\\sp\\\\\\\\\\\\\\\\\\spa\\
=015  \\$a1988-ENE-1988-DIC-16852
=016  7\$abimoBNE19910011013$zSAB9000001631$2SpMaBN
=017  \\$aB 28094-1986$bOficina Depósito Legal Barcelona
=020  \\$a84-450-7063-0
=035  \\$a(OCoLC)434766716
=040  \\$aSpMaBN$bspa$cSpMaBN$erdc
=080  \\$a820(73)-31"18"
=100  1\$aSturgeon, Theodore$0XX917627$1http://viaf.org/viaf/100257330/
=245  10$aMás que humano$h[Texto impreso]$cTheodore Sturgeon ; [traducción de José Valdivieso]
=250  \\$a[1ª ed.]
=260  \\$aBarcelona$bMinotauro$c1986
=300  \\$a262 p.$c21 cm
=500  \\$aTraducción de: More than human
=700  1\$aValdivieso, José
=995  \\$aBiblioteca Nacional de España

