=LDR  00887nam a2200241 i 4500
=001  bimo0000001103
=003  SpMaBN
=005  20210205005644.6
=008  870810s1987\\\\sp\\\\\\\\\\\\\\\\\\spa\\
=015  \\$a1988-ENE-1988-DIC-16256
=016  7\$abimoBNE19910011079$zSAB9000001644$2SpMaBN
=017  \\$aB 802-1987$bOficina Depósito Legal Barcelona
=020  \\$a84-226-2201-7
=035  \\$a(OCoLC)434766740
=040  \\$aSpMaBN$bspa$cSpMaBN$erdc
=080  \\$a820(73)-31"19"
=100  1\$aGreeley, Andrew M.$d(1928-2013)$0XX918086$1http://viaf.org/viaf/97864608/
=245  10$aMonja o guerrillera$h[Texto impreso] :$bCatherine$cAndrew M. Greeley ; [traducción, Joseph M. Apfelbäume]
=260  \\$aBarcelona$bCírculo de Lectores$c1987
=300  \\$a455 p.$c21 cm
=500  \\$aTraducción de: Virgin and martyr
=700  1\$aPomares, José M.$d(1943-)
=995  \\$aBiblioteca Nacional de España

