=LDR  00763nam a2200229 i 4500
=001  bimo0000001104
=003  SpMaBN
=005  20200515011050.6
=008  870810s1986\\\\sp\\\\\\\\\\\\\\\\\\spa\\
=015  \\$a1988-ENE-1988-DIC-20916
=016  7\$abimoBNE19910011080$zSAB9000001645$2SpMaBN
=017  \\$aB 27079-1986$bOficina Depósito Legal Barcelona
=020  \\$a84-7461-797-9
=035  \\$a(OCoLC)434766746
=040  \\$aSpMaBN$bspa$cSpMaBN$erdc
=080  \\$a821.134.2-31"18"
=100  1\$aValera, Juan$d(1824-1905)$0XX918093$1http://viaf.org/viaf/46770556/
=245  10$aJuanita la larga$h[Texto impreso]$cJuan Valera
=260  \\$aMadrid$bS.A.P.E.$cD.L. 1986
=300  \\$a222 p.$c18 cm
=504  \\$aBibliografía: p. 217-218
=995  \\$aBiblioteca Nacional de España

