=LDR  00896nam a22002657i 4500
=001  bimo0000001154
=003  SpMaBN
=005  20200205013847.4
=008  870813s1986\\\\sp\\\\\\\\\\\\\\\\\\spa\\
=015  \\$a1988-ENE-1988-DIC-16237
=016  7\$abimoBNE19910011585$zSAB9000001725$2SpMaBN
=017  \\$aB 43795-1986$bOficina Depósito Legal Barcelona
=020  \\$a84-334-3616-3
=035  \\$a(OCoLC)733184272
=040  \\$aSpMaBN$bspa$cSpMaBN$erdc
=080  \\$a820(73)-31"19"
=100  1\$aGoodis, David$d(1917-1967)$0XX924526$1http://viaf.org/viaf/49226261/
=245  10$aCalle sin retorno$h[Texto impreso]$cDavid Goodis ; [traducción, Carlos Rojo]
=250  \\$a[1ª ed.]
=260  \\$aMadrid ;$aGijón$bJúcar$c1986
=300  \\$a181 p.$c20 cm
=440  \0$aEtiqueta negra$v16
=500  \\$aTraducción de: Street of no return
=700  1\$aRojo, Carlos
=995  \\$aBiblioteca Nacional de España

