=LDR  00983nam a2200289 i 4500
=001  bimo0000001165
=003  SpMaBN
=005  20200515011050.6
=008  870814c19871977sp\\\\\\\\\\\\\\\\\\cat\\
=015  \\$a1988-ENE-1988-DIC-16285
=016  7\$abimoBNE19910011697$zSAB9000001739$2SpMaBN
=017  \\$aB 190-1987$bOficina Depósito Legal Barcelona
=020  \\$a84-7410-282-0
=035  \\$a(OCoLC)434767107
=040  \\$aSpMaBN$bspa$cSpMaBN$erdc
=080  \\$a820-31"19"
=100  1\$aGreene, Graham$d(1904-1991)$0XX841297$1http://viaf.org/viaf/59083415/
=240  14$aThe third man$lCatalán
=245  13$aEl tercer home$h[Texto impreso]$cGraham Greene ; traducció de Joan Fontcuberta i Gel
=250  \\$a[1ª ed.]
=260  \\$aBarcelona$bLa Magrana$c1987
=300  \\$a142 p.$c18 cm
=490  1\$aLa negra$v6
=500  \\$aTraducción de: The third man
=700  1\$aFontcuberta i Gel, Joan$d(1938-)
=830  \3$aLa negra (Barcelona)$v6
=995  \\$aBiblioteca Nacional de España

