=LDR  00946nam a2200265 i 4500
=001  bimo0000001183
=003  SpMaBN
=005  20221228004146.4
=008  870814s1985\\\\sp\\\\\\\\\\\\\\\\\\spa\\
=015  \\$a1988-ENE-1988-DIC-15688
=016  7\$abimoBNE19910011877$zSAB9000001763$2SpMaBN
=017  \\$aM 11823-1985$bOficina Depósito Legal Madrid
=020  \\$a84-306-2150-4
=035  \\$a(OCoLC)318223940
=040  \\$aSpMaBN$bspa$cSpMaBN$erdc
=080  \\$a82.09:001.8
=245  00$aMétodos de estudio de la obra literaria$h[Texto impreso]$cÁngel Canellas... [et al.] ; coordinación de José María Díez Borque
=260  \\$aMadrid$bTaurus$c1985
=300  \\$a808 p.$c22 cm
=490  1\$aPersiles$v150
=504  \\$aBibliografía: p. 799-800
=650  \7$aCrítica literaria$2embne
=700  1\$aCanellas López, Ángel
=700  1\$aDíez Borque, José María$d(1947-)$1http://viaf.org/viaf/109524826/
=995  \\$aBiblioteca Nacional de España

