=LDR  01090nam a2200301 i 4500
=001  bimo0000001188
=003  SpMaBN
=005  20200515011051.6
=008  870814s1986\\\\sp\\\\\\\\\\\\\\\\\\spa\\
=015  \\$a1988-ENE-1988-DIC-16496
=016  7\$abimoBNE19910011923$zSAB9000001770$2SpMaBN
=017  \\$aB 34423-1986$bOficina Depósito Legal Barcelona
=020  \\$a84-450-7025-5
=035  \\$a(OCoLC)434767211
=040  \\$aSpMaBN$bspa$cSpMaBN$erdc
=041  1\$aspa$heng
=080  \\$a820(73)-31"19"
=100  1\$aLe Guin, Ursula K.$d(1929-2018)$0XX927978$1http://viaf.org/viaf/101734435/
=240  14$aThe tombs of Atuan$lEspañol
=245  14$aLas tumbas de Atuan$h[Texto impreso]$cUrsula K. Le Guin ; [traducción de Matilde Horne]
=250  \\$a[1ª ed.]
=260  \\$aBarcelona$bMinotauro$c1986
=300  \\$a168 p.$c21 cm
=490  1\$a[Los libros de Terramar$v2]
=500  \\$aTraducción de: The tombs of Atuan
=700  1\$aHorne, Matilde$d(1914-2008)
=800  3\$aLe Guin, Ursula K.$d1929-2018$tEarthsea$lEspañol (Ediciones Minotauro)
=995  \\$aBiblioteca Nacional de España

