=LDR  00985nam a2200277 i 4500
=001  bimo0000001198
=003  SpMaBN
=005  20200612003803.6
=008  870817s1979\\\\sp\\\\\\\\\\\\\\\\\\spa\\
=015  \\$a1988-ENE-1988-DIC-15785
=016  7\$abimoBNE19910012025$zSAB9000001791$zIND9100045436$2SpMaBN
=017  \\$aB 38339-1979$bOficina Depósito Legal Barcelona
=020  \\$a84-270-0538-5
=035  \\$a(OCoLC)434767323
=040  \\$aSpMaBN$bspa$cSpMaBN$erdc
=041  1\$aspa$heng
=080  \\$a820(73)-31"19"
=100  1\$aAsimov, Isaac$d(1920-1992)$0XX930549$1http://viaf.org/viaf/24597135/
=240  14$aThe caves of steel$lEspañol
=245  10$aBóvedas de acero$h[Texto impreso]$cIsaac Asimov ; [traducción de Francisco Blanco]
=260  \\$aBarcelona$bMartínez Roca$cD.L. 1979
=300  \\$a172 p.$c20 cm
=440  \0$aSuper-ficción$v48
=500  \\$aTraducción de: The caves of steel
=700  1\$aBlanco, Francisco$c(traductor)
=995  \\$aBiblioteca Nacional de España

