=LDR  00965nam a2200277 i 4500
=001  bimo0000001221
=003  SpMaBN
=005  20201001125009.5
=008  870818s19871966sp\\\\\\\\\\\\\\\\\\spa\\
=015  \\$a1988-ENE-1988-DIC-15806
=016  7\$abimoBNE19910012261$zSAB9000001833$2SpMaBN
=017  \\$aB 7001-1987$bOficina Depósito Legal Barcelona
=020  \\$a84-01-92926-1
=035  \\$a(OCoLC)434767451
=040  \\$aSpMaBN$bspa$cSpMaBN$erdc
=080  \\$a820(73)-31"19"
=100  1\$aAsimov, Isaac$d(1920-1992)$0XX930549$1http://viaf.org/viaf/24597135/
=240  10$aFantastic voyage$lEspañol
=245  10$aViaje alucinante$h[Texto impreso]$cIsaac Asimov ; [traducción de J. Ferrer Aleu]
=250  \\$a[4ª ed.]
=260  \\$aEsplugues de Llobregat, Barcelona$bPlaza & Janés$c1987
=300  \\$a252 p.$c18 cm
=440  \0$aGran reno$v101-6
=500  \\$aTraducción de: Fantastic voyage
=700  1\$aFerrer Aleu, J.
=995  \\$aBiblioteca Nacional de España

