=LDR  00925nam a2200277 i 4500
=001  bimo0000001257
=003  SpMaBN
=005  20140219101433.4
=008  870820s1986\\\\sp\\\\\\\\\\\\\\\\\\spa\\
=015  \\$a1988-ENE-1988-DIC-16430
=016  7\$abimoBNE19910012632$zSAB9000001891$2SpMaBN
=017  \\$aB 43576-1986$bOficina Depósito Legal Barcelona
=020  \\$a84-334-3614-7
=035  \\$a(OCoLC)733184559
=040  \\$aSpMaBN$bspa$cSpMaBN$erdc
=080  \\$a820(73)-31"19"
=100  1\$aKaminsky, Stuart M.$0XX936803$1http://viaf.org/viaf/85403195/
=240  10$aJudy
=245  10$aJudy$h[Texto impreso]$cStuart Kaminsky ; [traducción, Gabriel Cañada]
=250  \\$a[1ª ed.]
=260  \\$aMadrid ;$aGijón$bJúcar$cD.L. 1986
=300  \\$a156 p.$c20 cm
=440  \0$aEtiqueta negra$v14
=500  \\$aTraducción de: Murder on the Yellow Brick Road
=700  1\$aCañada, Gabriel
=995  \\$aBiblioteca Nacional de España

