=LDR  00802nam a2200241 i 4500
=001  bimo0000001265
=003  SpMaBN
=005  20220913090958.3
=008  870820s1985\\\\sp\\\\\|\||||\000\1\spa\\
=015  \\$a1988-ENE-1988-DIC-16804
=016  7\$abimoBNE19910012711$zSAB9000001914$2SpMaBN
=017  \\$aB 37546-1985$bOficina Depósito Legal Barcelona
=020  \\$a84-270-0892-9
=035  \\$a(OCoLC)434767629
=040  \\$aSpMaBN$bspa$cSpMaBN$erdc
=080  \\$a820(73)-31"19"
=100  1\$aSkinner, B. F.$d(1904-1990)$0XX939349$1http://viaf.org/viaf/92601840/
=240  10$aWalden two$lEspañol
=245  10$aWalden Dos$h[Texto impreso]$cB.F. Skinner
=260  \\$aBarcelona$bMartínez Roca$c1985
=300  \\$a329 p.$c20 cm
=594  \\$aTítulo original: Walden Two
=995  \\$aBiblioteca Nacional de España

