=LDR  00879nam a2200241 i 4500
=001  bimo0000001272
=003  SpMaBN
=005  20200515011051.6
=008  870821s1986\\\\sp\\\\\\\\\\\\\\\\\\eng\\
=015  \\$a1988-ENE-1988-DIC-16200
=016  7\$abimoBNE19910012788$zSAB9000001927$2SpMaBN
=017  \\$aB 43771-1986$bOficina Depósito Legal Barcelona
=035  \\$a(OCoLC)434767654
=040  \\$aSpMaBN$bspa$cSpMaBN$erdc
=080  \\$a820 Shakespeare, Williams 7 Timon of Athens.06
=100  1\$aFowler, Will$0XX1720718$1http://viaf.org/viaf/60374646/
=245  10$aTimon of Athens$h[Texto impreso] :$ba commentary$cby Will Fowler
=250  \\$a[1ª ed.]
=260  \\$aBarcelona$bCIRIT$c1986
=300  \\$a24 p.$c22 cm
=600  17$aShakespeare, William$d(1564-1616)$tTimon of Athens$2embne$1http://viaf.org/viaf/96994048/
=710  1\$aCataluña
=995  \\$aBiblioteca Nacional de España

