=LDR  00871nam a2200229 i 4500
=001  bimo0000001332
=003  SpMaBN
=005  20211104014816.5
=008  870901s1986\\\\xxk\\\\\\\\\\\\\\\\\eng\\
=016  7\$abimoBNE19910013385$zSAB9000002027$2SpMaBN
=020  \\$a0-19-722292-7
=035  \\$a(OCoLC)434767781
=040  \\$aSpMaBN$bspa$cSpMaBN$erdc
=080  \\$a82-31"14"
=245  00$aBarlam and Iosaphat$h[Texto impreso] :$ba middle English life of Budda$cedited from ms. Peterhouse 257 by John C. Hirsh
=260  \\$aLondon$bPublished for The Early English Text Society by the Oxford University Press$c1986
=300  \\$aXL, 224 p., [1] h. facs.$c22 cm
=490  0\$aEarly English Text Society$vno. 290
=500  \\$aGlosario: p. [207]-224
=700  1\$aHirsh, John C.$eed. lit.
=830  \0$aEarly English Text Society (Serie)$vno. 290
=995  \\$aBiblioteca Nacional de España

