=LDR  01228nam a2200313 i 4500
=001  bimo0000001453
=003  SpMaBN
=005  20101018175740.2
=008  870908s1986\\\\sp\\\\\\\\\\\\\\\\\\spa\\
=015  \\$a1988-ENE-1988-DIC-15684
=016  7\$abimoBNE19910014612$zSAB9000002178$2SpMaBN
=017  \\$aB 32716-1986$bOficina Depósito Legal Barcelona
=020  \\$a84-7634-760-X
=035  \\$a(OCoLC)434767804
=040  \\$aSpMaBN$bspa$cSpMaBN$erdc
=080  \\$a82-311.9.09
=080  \\$a82-311.9"19"(082.2)
=245  04$aLos mejores relatos de ciencia ficción$h[Texto impreso]$c[compilador], Michael Ashley ; [traducción, Jordi Arbonès]
=260  \\$aBarcelona$bOrbis$c1986
=300  \\$a4 v.$c20 cm
=440  \0$aBiblioteca de ciencia ficción$v85-88
=500  \\$aTraducción de: The history of the science fiction magazine
=505  0\$aLa era de Campbell ­ La era del cambio ­ La era de los clásicos
=650  \7$aNovela de ciencia ficción$xHistoria y crítica$2embne
=650  \7$aNovelas de ciencia ficción$yS.XX$2embne
=650  \7$aScience fiction novel$2ELB-g
=700  1\$aAshley, Michael
=700  1\$aArbonès, Jordi$d(1929-2001)$1http://viaf.org/viaf/64048811/
=995  \\$aBiblioteca Nacional de España

