=LDR  00783nam a2200229 i 4500
=001  bimo0000001548
=003  SpMaBN
=005  20200515011052.6
=008  870915s1986\\\\sp\\\\\\\\\\\\\\\\\\spa\\
=016  7\$abimoBNE19910015567$zSAB9000002298$2SpMaBN
=017  \\$aB 37103-1986$bOficina Depósito Legal Barcelona
=020  \\$a84-226-2204-1
=035  \\$a(OCoLC)434767918
=040  \\$aSpMaBN$bspa$cSpMaBN$erdc
=080  \\$a820-31"19"
=100  1\$aHiggins, Jack$d(1929-)$0XX1001459$1http://viaf.org/viaf/11867823/
=245  10$aExocet$h[Texto impreso]$cJack Higgins ; [traducción, Daniel Zadunaisky]
=260  \\$aBarcelona$bCírculo de Lectores$c1986
=300  \\$a191 p.$c21 cm
=500  \\$aTraducción de: Exocet
=700  1\$aZadunaisky, Daniel
=995  \\$aBiblioteca Nacional de España

