=LDR  01014nam a22002897i 4500
=001  bimo0000001549
=003  SpMaBN
=005  20191024010225.5
=008  870915s1986\\\\sp\\\\\\\\\\\\\\\\\\spa\\
=015  \\$a1988-ENE-1988-DIC-16111
=016  7\$abimoBNE19910015578$zSAB9000002300$2SpMaBN
=017  \\$aB 43178-1986$bOficina Depósito Legal Barcelona
=020  \\$a84-270-1087-7
=035  \\$a(OCoLC)434768030
=040  \\$aSpMaBN$bspa$cSpMaBN$erdc
=080  \\$a908(510)
=080  \\$a820-992"19"
=100  1\$aDodwell, Christina$0XX1001554$1http://viaf.org/viaf/119018279/
=245  10$aChina secreta$h[Texto impreso]$cChristina Dodwell ; [traducción de Hernán Sabaté]
=260  \\$aBarcelona$bMartínez Roca$c1986
=300  \\$a209 p., [16] p. de lám.col.$b1 map.$c22 cm
=490  1\$aAventura
=500  \\$aTraducción de: A traveller in China
=651  \7$aChina$xDescripción$2embne
=700  1\$aSabaté, Hernán
=830  \0$aAventura (Ediciones Martínez Roca)
=995  \\$aBiblioteca Nacional de España

