=LDR  00983nam a2200277 i 4500
=001  bimo0000001585
=003  SpMaBN
=005  20200515011052.6
=008  870916s1986\\\\sp\\\\\\\\\\\\\\\\\\spa\\
=015  \\$a1988-ENE-1988-DIC-15793
=016  7\$abimoBNE19910015938$zSAB9000002342$2SpMaBN
=017  \\$aB 43605-1986$bOficina Depósito Legal Barcelona
=020  \\$a84-01-92922-9
=035  \\$a(OCoLC)433980175
=040  \\$aSpMaBN$bspa$cSpMaBN$erdc
=080  \\$a820(73)-31"19"
=100  1\$aAsimov, Isaac$d(1920-1992)$0XX930549$1http://viaf.org/viaf/24597135/
=240  10$aFoundation and empire$lEspañol
=245  10$aFundación e imperio$h[Texto impreso]$cIsaac Asimov ; [traducción de Pilar Giralt]
=250  \\$a[2ª ed.]
=260  \\$aEsplugues de Llobregat, Barcelona$bPlaza & Janés$c1986
=300  \\$a252 p.$c18 cm
=440  \0$aGran reno$v101-2
=500  \\$aTraducción de: Foundation and empire
=700  1\$aGiralt Gorina, Pilar
=995  \\$aBiblioteca Nacional de España

