=LDR  00828nam a2200217 i 4500
=001  bimo0000001632
=003  SpMaBN
=005  20211015011610.6
=008  870918s1971\\\\gw\\\\\\\\\\\\\\\\\\ger\\
=016  7\$abimoBNE19910016401$zSAB9000002393$2SpMaBN
=020  \\$a3-7835-0097-4
=035  \\$a(OCoLC)434768384
=040  \\$aSpMaBN$bspa$cSpMaBN$erdc
=080  \\$a821.112.2 George, Stefan 1.06
=100  1\$aSchmitz, Victor A.$0XX1163412$1http://viaf.org/viaf/69692282/
=245  10$aBilder und Motive in der Dichtung Stefan Georges$h[Texto impreso]$cVictor A. Schmitz
=260  \\$aDüsseldorf$bKüpper$ccop. 1971
=300  \\$a288 p.$c21 cm
=504  \\$aBibliografía: p. 268-269. Índice
=600  17$aGeorge, Stefan$d(1868-1933)$xCrítica e interpretación$2embne$1http://viaf.org/viaf/46761592/
=995  \\$aBiblioteca Nacional de España

