=LDR  00960nam a22002657i 4500
=001  bimo0000001649
=003  SpMaBN
=005  20210929024715.4
=008  870921s1987\\\\sp\\\\\\\\\\\\\\\\\\spa\\
=015  \\$a1988-ENE-1988-DIC-16267
=016  7\$abimoBNE19910016579$zSAB9000002415$2SpMaBN
=017  \\$aNA 133-1987$bOficina Depósito Legal Navarra
=020  \\$a84-345-8495-6
=035  \\$a(OCoLC)434768451
=040  \\$aSpMaBN$bspa$cSpMaBN$erdc
=080  \\$a820-31"19"
=100  1\$aGreene, Graham$d(1904-1991)$0XX841297$1http://viaf.org/viaf/59083415/
=240  14$aThe quiet American$lEspañol
=245  13$aEl americano impasible$h[Texto impreso]$cGraham Greene ; [traducción, J.R. Wilcock]
=260  \\$aBarcelona$bSalvat$c1987
=300  \\$a242 p.$c18 cm
=440  \0$aNovela y ocio$v28
=500  \\$aTraducción de: The quiet american
=700  1\$aWilcock, J. Rodolfo$d(1919-1978)$1http://viaf.org/viaf/111636439/
=995  \\$aBiblioteca Nacional de España

