=LDR  00970nam a2200277 i 4500
=001  bimo0000001682
=003  SpMaBN
=005  20200125012703.7
=008  870923s1987\\\\sp\\\\\\\\\\\\\\\\\\spa\\
=015  \\$a1988-ENE-1988-DIC-15786
=016  7\$abimoBNE19910016917$zSAB9000002464$2SpMaBN
=017  \\$aB 7003-1987$bOficina Depósito Legal Barcelona
=020  \\$a84-01-92927-X
=035  \\$a(OCoLC)434768592
=040  \\$aSpMaBN$bspa$cSpMaBN$erdc
=080  \\$a820(73)-32"19"
=100  1\$aAsimov, Isaac$d(1920-1992)$0XX930549$1http://viaf.org/viaf/24597135/
=240  14$aThe early Asimov$lEspañol
=245  13$aLa Edad de Oro$h[Texto impreso]$cIsaac Asimov ; [traducción de Mª Teresa Segur]
=250  \\$a[1ª ed.]
=260  \\$aEsplugues de Llobregat, Barcelona$bPlaza & Janés$c1987
=300  \\$a3 v.$c18 cm
=440  \0$aGran reno$v101/7-9
=500  \\$aTraducción de: The early Asimov
=700  1\$aSegur, María Teresa
=995  \\$aBiblioteca Nacional de España

