=LDR  00913nam a2200253 i 4500
=001  bimo0000001705
=003  SpMaBN
=005  20200715003910.4
=008  870924s1987\\\\sp\\\\\\\\\\\\\\\\\\spa\\
=015  \\$a1988-ENE-1988-DIC-18607
=016  7\$abimoBNE19910017165$zSAB9000002491$2SpMaBN
=017  \\$aCO 403-1987$bOficina Depósito Legal Córdoba
=020  \\$a84-505-5349-0
=035  \\$a(OCoLC)434768667
=040  \\$aSpMaBN$bspa$cSpMaBN$erdc
=080  \\$a821.134.2-14"19"
=100  1\$aAlvariño, José María$d(1911-1936)
=240  10$aCanciones morenas
=245  10$aCanciones morenas$h[Texto impreso]$cJosé María Alvariño ; introducción y comentario, Juan Pérez Cubillo
=260  \\$aCórdoba$bAyuntamiento$c1987
=300  \\$a67 p.$b1 retr.$c21 cm
=504  \\$aBibliografía: p. 17
=700  1\$aPérez Cubillo, Juan$d(1950-)$epr.$1http://viaf.org/viaf/87981119/
=995  \\$aBiblioteca Nacional de España

