=LDR  00735nam a22002177i 4500
=001  bimo0000001719
=003  SpMaBN
=005  20201007083018.4
=008  870924m19871986sp\\\\\\\\\\\\\\\\\\spa\\
=016  7\$abimoBNE19910017301$zSAB9000002505$2SpMaBN
=017  \\$aB 9249-1987$bOficina Depósito Legal Barcelona
=020  \\$a84-226-2248-3
=035  \\$a(OCoLC)434768721
=040  \\$aSpMaBN$bspa$cSpMaBN$erdc
=080  \\$a821.134.2-2"19"
=100  1\$aDiosdado, Ana$d(1938-2015)$0XX878536$1http://viaf.org/viaf/40841195/
=240  14$aLos 80 son nuestros
=245  14$aLos 80 son nuestros$h[Texto impreso]$cAna Diosdado
=260  \\$aBarcelona$bCírculo de Lectores$cD.L. 1987
=300  \\$a247 p.$c22 cm
=995  \\$aBiblioteca Nacional de España

