=LDR  00917nam a2200265 i 4500
=001  bimo0000001733
=003  SpMaBN
=005  20200515011053.6
=008  870925c19871963sp\\\\\\\\\\\\\\\\\\spa\\
=015  \\$a1988-ENE-1988-DIC-15766
=016  7\$abimoBNE19910017446$zSAB9000002523$2SpMaBN
=017  \\$aB 1256-1987$bOficina Depósito Legal Barcelona
=020  \\$a84-86311-57-8
=035  \\$a(OCoLC)434768774
=040  \\$aSpMaBN$bspa$cSpMaBN$erdc
=080  \\$a820-31"19"
=100  1\$aAmbler, Eric$d(1909-1998)$0XX1005853$1http://viaf.org/viaf/109392348/
=245  10$aHerencia maldita$h[Texto impreso]$cEric Ambler ; [traducción de Esteban Riambau Saurí]
=250  \\$a[1ª ed.]
=260  \\$aBarcelona$bVersal$c1987
=300  \\$a253 P.$c18 cm
=440  \0$aCrimen & Cía.$v2
=500  \\$aTraducción de : The Schirmer inheritance
=700  1\$aRiambau, Esteve$d(1925-1994)
=995  \\$aBiblioteca Nacional de España

