=LDR  01271nam a2200313 i 4500
=001  bimo0000001771
=003  SpMaBN
=005  20201021005314.4
=008  870928s1986\\\\sp\\\\\\\\\\\\\\\\\\spa\\
=015  \\$a1988-ENE-1988-DIC-17013
=016  7\$abimoBNE19910017851$zSAB9000002578$2SpMaBN
=017  \\$aB 7679-1986$bOficina Depósito Legal Barcelona
=020  \\$a84-320-2357-4
=035  \\$a(OCoLC)434768926
=040  \\$aSpMaBN$bspa$cSpMaBN$erdc
=041  1\$aspa$hger
=080  \\$a821.112.2-31"19"
=100  1\$aBöll, Heinrich$d(1917-1985)$0XX1720467$1http://viaf.org/viaf/88858559/
=243  10$aObra selecta$lEspañol
=245  10$aHeinrich Böll, 1972$h[Texto impreso]$cprólogo de José María Valverde
=250  \\$a[5ª ed.]
=260  \\$aBarcelona$bPlaneta$c1986
=300  \\$aVII, 998 p.$b1 retr.$c19 cm
=440  \0$aObras selectas de premios Nobel
=500  \\$aTraducción de: Billard um halb zehn ; Ansichten eines clowns ; Gruppenbild mit dame ; Die verlorene ehre der Katharina Blum
=500  \\$aTraductor: Margarita Fontseré...[et al.]
=505  0\$aBillar a las nueve y media ; Opiniones de un payaso ; Retrato de grupo con señora ; El honor perdido de Katharina Blum
=700  1\$aFontseré, Margarita
=995  \\$aBiblioteca Nacional de España

