=LDR  00847nam a2200241 i 4500
=001  bimo0000001784
=003  SpMaBN
=005  20210929024715.4
=008  870928s1986\\\\sp\\\\\\\\\\\\\\\\\\spa\\
=015  \\$a1988-ENE-1988-DIC-16239
=016  7\$abimoBNE19910017985$zSAB9000002592$2SpMaBN
=017  \\$aM 40020-1986$bOficina Depósito Legal Madrid
=020  \\$a84-7600-141-X
=035  \\$a(OCoLC)434769019
=040  \\$aSpMaBN$bspa$cSpMaBN$erdc
=080  \\$a820(73)-31"19"
=100  1\$aGoodis, David$d(1917-1967)$0XX924526$1http://viaf.org/viaf/49226261/
=245  13$aLa luna en el arroyo$h[Texto impreso]$cDavid Goodis ; traducción de José Martínez de Aragón
=260  \\$aTorrejón de Ardoz, Madrid$bAkal$c1986
=300  \\$a172 p.$c21 cm
=440  \0$aNovela Akal$v10
=700  1\$aMartínez Aragón, J.
=995  \\$aBiblioteca Nacional de España

