=LDR  00889nam a2200253 i 4500
=001  bimo0000001807
=003  SpMaBN
=005  20200515011054.6
=008  870929s1986\\\\sp\\\\\\\\\\\\\\\\\\spa\\
=015  \\$a1988-ENE-1988-DIC-16550
=016  7\$abimoBNE19910018212$zSAB9000002615$2SpMaBN
=017  \\$aB 39454-1986$bOficina Depósito Legal Barcelona
=020  \\$a84-226-2199-1
=035  \\$a(OCoLC)434769113
=040  \\$aSpMaBN$bspa$cSpMaBN$erdc
=080  \\$a820(73)-31"19"
=100  1\$aLurie, Alison$d(1926-)$0XX1639108$1http://viaf.org/viaf/29537282/
=240  10$aForeign affairs$lEspañol
=245  10$aAsuntos exteriores$h[Texto impreso]$cAlison Lurie ; [traducción, Iris Menéndez]
=260  \\$aBarcelona$bCírculo de Lectores$cD.L. 1986
=300  \\$a304 p.$c22 cm
=500  \\$aTraducción de: Foreign affairs
=700  1\$aMenéndez, Iris
=995  \\$aBiblioteca Nacional de España

