=LDR  01148nam a2200277 i 4500
=001  bimo0000001857
=003  SpMaBN
=005  20190910005835.3
=008  871001s1986\\\\sp\\\\\\\\\\\\\\\\\\ita\\
=015  \\$a1988-ENE-1988-DIC-12792
=016  7\$abimoBNE19910018717$zSAB9000002671$2SpMaBN
=017  \\$aT 1971-1986$bOficina Depósito Legal Tarragona
=020  \\$a84-231-2686-2
=035  \\$a(OCoLC)632130620
=040  \\$aSpMaBN$bspa$cSpMaBN$erdc
=080  \\$a821.131.1-293.1"17"
=080  \\$a782.1 Mozart, Wolfgang Amadeus. Don Giovanni.089.1
=100  1\$aDa Ponte, Lorenzo$d(1749-1838)$0XX1057358$1http://viaf.org/viaf/41838569/
=245  10$aDon Giovanni$h[Texto impreso]$clibreto original en italiano, Lorenzo Da Ponte ; música de Wolfgang A. Mozart ; traducción, estudio y comentarios, Xavier Pujol
=260  \\$aMadrid$bDaimon$cD.L. 1986
=300  \\$a158 p.$bil.$c19 cm
=440  \0$aIntroducción al mundo de la ópera
=500  \\$aTexto en italiano y español
=700  1\$aMozart, Wolfgang Amadeus$d(1756-1791)$tDon Giovanni$1http://viaf.org/viaf/32197206
=700  1\$aPujol, Xavier$d(1955-)
=995  \\$aBiblioteca Nacional de España

