=LDR  01274nam a2200265 i 4500
=001  bimo0000001891
=003  SpMaBN
=005  20131010004303.5
=008  871001s1986\\\\sp\\\\\\\\\\\\\\\\\\spa\\
=015  \\$a1988-ENE-1988-DIC-16234
=016  7\$abimoBNE19910019055$zSAB9000002715$2SpMaBN
=017  \\$aS 474-1986$bOficina Depósito Legal Salamanca
=035  \\$a(OCoLC)434769491
=040  \\$aSpMaBN$bspa$cSpMaBN$erdc
=080  \\$a820(73) Williams, Tennessee 1.06(043.2)
=100  1\$aGómez García, Ascensión$0XX1058085$1http://viaf.org/viaf/1435160667943103560009/
=240  10$aMito y realidad en la obra dramática de Tennessee Williams
=245  10$aMito y realidad en la obra dramática de Tennessee Williams$h[Texto impreso]$cAscensión Gómez García
=260  \\$aSalamanca$bEdiciones Universidad de Salamanca$cD.L. 1986
=300  \\$a31 p.$c21 cm
=490  0\$aSerie Resúmenes de tesis doctorales / Facultad de Filología, Univ. de Salamanca$vT-L-F-60/1986
=600  17$aWilliams, Tennessee$d(1911-1983)$vTesis doctorales$2embne$1http://viaf.org/viaf/51697407/
=650  \7$aMito$xEn la literatura$2embne
=830  \0$aSerie Resúmenes de tesis doctorales (Universidad de Salamanca. Facultad de Filología)$vT-L-F-60/1986)
=995  \\$aBiblioteca Nacional de España

