=LDR  00985nam a2200277 i 4500
=001  bimo0000001896
=003  SpMaBN
=005  20200515011054.6
=008  871001s1987\\\\sp\\\\\\\\\\\\\\\\\\spa\\
=015  \\$a1988-ENE-1988-DIC-16363
=016  7\$abimoBNE19910019112$zSAB9000002721$2SpMaBN
=017  \\$aB 2022-1987$bOficina Depósito Legal Barcelona
=020  \\$a84-01-90994-5
=035  \\$a(OCoLC)434769510
=040  \\$aSpMaBN$bspa$cSpMaBN$erdc
=080  \\$a820(73)-31"19"
=100  1\$aHimes, Chester B.$d(1909-1984)$0XX1124962$1http://viaf.org/viaf/108585658/
=240  10$aFor love of Imabelle$lEspañol
=245  10$aPor amor a Imabelle$h[Texto impreso]$cChester Himes ; [traducción de Josep Elías Cornet]
=250  \\$a[1ª ed.]
=260  \\$aEsplugues de Llobregat, Barcelona$bPlaza & Janés$c1987
=300  \\$a222 p.$c18 cm
=440  \0$aGran reno$v[42]
=500  \\$aTraducción de: For love of Imabelle
=700  1\$aElías, Josep
=995  \\$aBiblioteca Nacional de España

