=LDR  01038nam a2200253 i 4500
=001  bimo0000001905
=003  SpMaBN
=005  20190903010051.3
=008  871002s1985\\\\sp\\\\\\\\\\\\\\\\\\spa\\
=015  \\$a1988-ENE-1988-DIC-16608
=016  7\$abimoBNE19910019202$zSAB9000002730$2SpMaBN
=017  \\$aGC 28-1985$bOficina Depósito Legal Gran Canaria
=035  \\$a(OCoLC)434769553
=040  \\$aSpMaBN$bspa$cSpMaBN$erdc
=080  \\$a820.09(042)
=100  1\$aMendoza Rubio, Juan Francisco$0XX1069753$1http://viaf.org/viaf/86693174/
=245  10$a4 ensayos de literatura inglesa$h[Texto impreso]$cautor, Juan Francisco Mendoza Rubio
=260  \\$aLas Palmas de Gran Canaria$bDepartamento de Publicaciones de la Escuela Universitaria Politécnica$cD.L. 1985
=300  \\$a54 h.$c32 cm
=504  \\$aBibliografía
=650  \7$aLiteratura inglesa$xHistoria y crítica$2embne
=650  \7$aEnglish literature$2ELB-n
=710  2\$aUniversidad Politécnica de Las Palmas$bEscuela Universitaria Politécnica
=995  \\$aBiblioteca Nacional de España

