=LDR  00735nam a22002177i 4500
=001  bimo0000001914
=003  SpMaBN
=005  20071112000000.2
=008  871002s1986\\\\sp\\\\\\\\\\\\\\\\\\spa\\
=016  7\$abimoBNE19910019291$zSAB9000002739$2SpMaBN
=017  \\$aBI 720-1986$bOficina Depósito Legal Vizcaya
=020  \\$a84-7541-985-2
=035  \\$a(OCoLC)434769580
=040  \\$aSpMaBN$bspa$cSpMaBN$erdc
=080  \\$a821.134.2-14"19"
=245  04$aLas Leyendas líricas$h[Texto impreso]$cCandelas Ranz Hormazábal
=250  \\$a[1ª ed.]
=260  \\$aranguren, Vizcaya$bEl Paisaje$cD.L. 1986
=300  \\$a47 p.$c21 cm
=700  1\$aRanz Hormazábal, Candelas$d(1950-)$1http://viaf.org/viaf/86693126/
=995  \\$aBiblioteca Nacional de España

