=LDR  01130nam a2200301 i 4500
=001  bimo0000001941
=003  SpMaBN
=005  20140219101437.4
=008  871002s1987\\\\sp\\\\\\\\\\\\\\\\\\spa\\
=015  \\$a1988-ENE-1988-DIC-16960
=016  7\$abimoBNE19910019561$zSAB9000002774$2SpMaBN
=017  \\$aB 10603-1987$bOficina Depósito Legal Barcelona
=020  \\$a84-7735-023-X
=035  \\$a(OCoLC)434769697
=040  \\$aSpMaBN$bspa$cSpMaBN$erdc
=080  \\$a820(73)-31"19"
=100  1\$aWestlake, Donald E.$d(1933-2008)$0XX1070974$1http://viaf.org/viaf/41847945/
=240  10$a¡Ayúdame, estoy prisionero!
=245  11$a¡Ayúdame, estoy prisionero!$h[Texto impreso]$cDonald Westlake ; [traducción, Francisco Martín Arribas]
=250  \\$a[1ª ed.]
=260  \\$aBarcelona$bEdiciones B$c1987
=300  \\$a316 p.$c18 cm
=490  1\$aLibro amigo$v6. Serie policiaca ; 4
=500  \\$aTraducción de: Help, I am being held prisioner
=700  1\$aMartín, Francisco$qMartín Arribas
=830  \0$aLibro amigo (Ediciones B)$v6
=830  \0$aLibro amigo (Ediciones B).$pPoliciaca$v4
=995  \\$aBiblioteca Nacional de España

