=LDR  00953nam a2200277 i 4500
=001  bimo0000001976
=003  SpMaBN
=005  20190925013413.4
=008  871005s1986\\\\sp\\\\\\\\\\\\\\\\\\eng\\
=015  \\$a1988-ENE-1988-DIC-14487
=016  7\$abimoBNE19910019910$zSAB9000002816$2SpMaBN
=017  \\$aM 28582-1986$bOficina Depósito Legal Madrid
=020  \\$a84-205-1446-2
=035  \\$a(OCoLC)434769838
=040  \\$aSpMaBN$bspa$cSpMaBN$erdc
=080  \\$a820(73)-32"18"
=080  \\$a802.0-82
=100  1\$aPoe, Edgar Allan$d(1809-1849)$0XX895673$1http://viaf.org/viaf/60351476/
=245  12$aA Descent into the Maelström$h[Texto impreso]$cEdgar Allan Poe ; retold by L. A. Hill
=250  \\$a[1ª ed.]
=260  \\$aMadrid$bAlhambra$c1986
=300  \\$a38 p.$bil.$c19 cm
=440  \0$aEnglish graded readers.$pSimplified fiction series
=650  \7$aLengua inglesa$vLecturas$2embne
=700  1\$aHill, L. A.
=995  \\$aBiblioteca Nacional de España

