=LDR  01026nam a2200301 i 4500
=001  bimo0000001990
=003  SpMaBN
=005  20210316145517.3
=008  871005s1986\\\\sp\\\\\\\\\\\\\\\\\\spa\\
=015  \\$a1988-ENE-1988-DIC-16648
=016  7\$abimoBNE19910020057$zSAB9000002836$2SpMaBN
=017  \\$aB 26266-1986$bOficina Depósito Legal Barcelona
=020  \\$a84-350-0525-9
=035  \\$a(OCoLC)434682422
=040  \\$aSpMaBN$bspa$cSpMaBN$erdc
=080  \\$a820(417)-31"19"
=100  1\$aO'Brien, Kate$d(1897-1974)$0XX1081610$1http://viaf.org/viaf/14890496/
=240  10$aThat lady$lEspañol
=245  10$aEsa dama$h[Texto impreso]$cKate O'Brien ; [traducción de María José Rodellar]
=250  \\$a[1ª ed.]
=260  \\$aBarcelona$bEdhasa$c1986
=300  \\$a345 p.$c23 cm
=380  \\$iMajor genre$aLiterature$leng
=381  \\$iMajor genre$aFiction$leng
=500  \\$aTraducción de: That lady
=655  \7$aNovelas históricas$2tgfbne
=700  1\$aRodellar, María José
=995  \\$aBiblioteca Nacional de España

