=LDR  01019cam a2200277 i 4500
=001  bimo0000002043
=003  SpMaBN
=005  20190725015058.5
=008  871007s1986\\\\sp\\\\\\\\\\\\\\\\\\spa\\
=015  \\$a1988-ENE-1988-DIC-16670
=016  7\$abimoBNE19910020596$zSAB9000002899$2SpMaBN
=017  \\$aM 26510-1986$bOficina Depósito Legal Madrid
=020  \\$a84-376-0612-8
=035  \\$a(OCoLC)434770183
=040  \\$aSpMaBN$bspa$cSpMaBN$erdc
=080  \\$a820(73).09"19"
=100  1\$aPérez Gállego, Cándido$0XX1719651$1http://viaf.org/viaf/54190095/
=245  10$aLiteratura norteamericana actual$h[Texto impreso]$cCándido Pérez Gállego, Félix Martín, Leopoldo Mateo
=260  \\$aMadrid$bCátedra$cD.L. 1986
=300  \\$a410 p.$c21 cm
=440  \0$aCrítica y estudios literarios
=650  \7$aLiteratura norteamericana$yS.XX$xHistoria y crítica$2embne
=650  \7$aAmerican literature$2ELB-n
=700  1\$aMartín Gutiérrez, Félix
=700  1\$aMateo, Leopoldo
=995  \\$aBiblioteca Nacional de España

