=LDR  01055nam a2200301 i 4500
=001  bimo0000002050
=003  SpMaBN
=005  20200117023254.6
=008  871007s1987\\\\sp\\\\\\\\\\\\\\\\\\spa\\
=015  \\$a1988-ENE-1988-DIC-16394
=016  7\$abimoBNE19910020664$zSAB9000002910$2SpMaBN
=017  \\$aB 10605-1987$bOficina Depósito Legal Barcelona
=020  \\$a84-7735-021-3
=035  \\$a(OCoLC)434770210
=040  \\$aSpMaBN$bspa$cSpMaBN$erdc
=080  \\$a820(73)-31"19"
=100  1\$aMcBain, Ed$d(1926-2005)$0XX849903$1http://viaf.org/viaf/20968490/
=240  10$aFuzz$lEspañol
=245  10$aPasma$h[Texto impreso]$cEd McBain ; [traducción, Carlos Pujol]
=250  \\$a[1ª ed.]
=260  \\$aBarcelona$bEdiciones B$c1987
=300  \\$a319 p.$c18 cm
=490  1\$aLibro amigo$v4. Serie policiaca ; 2
=500  \\$aTraducción de: Fuzz
=700  1\$aPujol, Carlos$d(1936-2012)$1http://viaf.org/viaf/25383/
=830  \0$aLibro amigo (Ediciones B)$v4
=830  \0$aLibro amigo (Ediciones B).$pPoliciaca$v2
=995  \\$aBiblioteca Nacional de España

