=LDR  00912nam a2200265 i 4500
=001  bimo0000002149
=003  SpMaBN
=005  20221201010204.5
=008  871013s1986\\\\sp\\\\\\\\\\\\\\\\\\spa\\
=015  \\$a1988-ENE-1988-DIC-16333
=016  7\$abimoBNE19910021654$zSAB9000003037$2SpMaBN
=017  \\$aNA 1274-1986$bOficina Depósito Legal Navarra
=020  \\$a84-345-8467-0
=035  \\$a(OCoLC)434770710
=040  \\$aSpMaBN$bspa$cSpMaBN$erdc
=041  1\$aspa
=080  \\$a820(73)-31"19"
=100  1\$aHerbert, Frank$d(1920-1986)$0XX1145519$1http://viaf.org/viaf/59083797/
=245  10$aDune$h[Texto impreso]$cFrank Herbert ; [traducción, Domingo Santos]
=260  \\$aBarcelona$bSalvat$cD.L. 1986
=300  \\$a2 v.$c19 cm
=440  \0$aNovela y ocio$v16-17
=500  \\$aTraducción de: Dune
=700  1\$aSantos, Domingo$d(1941-2018)$1http://viaf.org/viaf/72726712/
=995  \\$aBiblioteca Nacional de España

