=LDR  00887nam a2200265 i 4500
=001  bimo0000002185
=003  SpMaBN
=005  20230131004806.3
=008  871013s1986\\\\sp\\\\\\\\\\\\\\\\\\spa\\
=015  \\$a1988-ENE-1988-DIC-16861
=016  7\$abimoBNE19910022037$zSAB9000003077$2SpMaBN
=017  \\$aB 34410-1986$bOficina Depósito Legal Barcelona
=020  \\$a84-7668-064-3
=035  \\$a(OCoLC)434770972
=040  \\$aSpMaBN$bspa$cSpMaBN$erdc
=080  \\$a820-31"19"
=100  1\$aSymons, Julian$0XX1145744$1http://viaf.org/viaf/41846963/
=245  10$aJugando a matar$h[Texto impreso]$cJulian Symons ; [traducción de Antonio Resines]
=250  \\$a[1ª ed.]
=260  \\$aBarcelona$bLaia$c1986
=300  \\$a253 p.$c19 cm
=440  \0$aAlfa 7
=500  \\$aTraducción de: The players and the game
=700  1\$aResines, Antonio$d(1949-2015)
=995  \\$aBiblioteca Nacional de España

