=LDR  00898nam a2200265 i 4500
=001  bimo0000002187
=003  SpMaBN
=005  20200515011056.6
=008  871013s1986\\\\sp\\\\\\\\\\\\\\\\\\spa\\
=015  \\$a1988-ENE-1988-DIC-16910
=016  7\$abimoBNE19910022059$zSAB9000003079$2SpMaBN
=017  \\$aB 37096-1986$bOficina Depósito Legal Barcelona
=020  \\$a84-01-32179-4
=035  \\$a(OCoLC)434770983
=040  \\$aSpMaBN$bspa$cSpMaBN$erdc
=080  \\$a820(73)-31"19"
=100  1\$aUris, Leon$d(1924-2003)$0XX1145750$1http://viaf.org/viaf/66474442/
=240  14$aThe haj$lEspañol
=245  13$aEl peregrino$h[Texto impreso]$cLeon Uris ; [traducción de Raquel Albornoz]
=250  \\$a[1ª ed.]
=260  \\$a[Esplugues de Llobregat]$bPlaza & Janés$c1986
=300  \\$a443 p.$c22 cm
=440  \0$aPlaza & Janés éxitos
=700  1\$aAlbornoz, Raquel
=995  \\$aBiblioteca Nacional de España

