=LDR  00832nam a2200217 i 4500
=001  bimo0000002205
=003  SpMaBN
=005  20220419011701.3
=008  871013s1983\\\\xxk\\\\\\\\\\\\\\\\\eng\\
=016  7\$abimoBNE19910022239$zSAB9000003101$2SpMaBN
=020  \\$a0-8014-1595-0
=035  \\$a(OCoLC)644384327
=040  \\$aSpMaBN$bspa$cSpMaBN$erdc
=080  \\$a820 Swift, Jonnathan 2.06
=100  1\$aZimmerman, Everett$0XX1145936$1http://viaf.org/viaf/108478541/
=245  10$aSwift's narrative satires$h[Texto impreso] :$bauthor and authority$cEverett Zimmerman
=260  \\$aIthaca ;$aLondon$bCornell University Press$c1983
=300  \\$a183 p.$c23 cm
=504  \\$aBibliografía. Índice
=600  17$aSwift, Jonathan$d(1667-1745)$xCrítica e interpretación$2embne$1http://viaf.org/viaf/14777110/
=995  \\$aBiblioteca Nacional de España

