=LDR  00834nam a2200241 i 4500
=001  bimo0000002209
=003  SpMaBN
=005  20190814005146.4
=008  871013s1986\\\\xxk\\\\\\\\\\\\\\\\\eng\\
=016  7\$abimoBNE19910022273$zSAB9000003105$2SpMaBN
=020  \\$a0-582-49247-5
=035  \\$a(OCoLC)636397290
=040  \\$aSpMaBN$bspa$cSpMaBN$erdc
=080  \\$a820-1.09"15"
=100  1\$aWaller, Gary F.$0XX1146004$1http://viaf.org/viaf/108180688/
=245  10$aEnglish poetry of the sixteenth century$h[Texto impreso]$cGary Waller
=260  \\$aLondon ;$aNew York$bLongman$c1986
=300  \\$aXIV, 315 p.$c22 cm
=440  \0$aLongman literature in English series
=504  \\$aBibliografía. Índices
=650  \7$aPoesía inglesa$yS.XVI-XVII$xHistoria y crítica$2embne
=650  \7$aPoetry$2ELB-g
=995  \\$aBiblioteca Nacional de España

