=LDR  01124nam a2200313 i 4500
=001  bimo0000002244
=003  SpMaBN
=005  20130523004003.5
=008  871014s1986\\\\sp\\\\\\\\\\\\\\\\\\spa\\
=015  \\$a1988-ENE-1988-DIC-15591
=016  7\$abimoBNE19910022633$zSAB9000003146$2SpMaBN
=017  \\$aB 23512-1986$bOficina Depósito Legal Barcelona
=020  \\$a84-217-4214-0
=035  \\$a(OCoLC)434771217
=040  \\$aSpMaBN$bspa$cSpMaBN$erdc
=080  \\$a82-322.9"18/19"(082.2)
=245  00$aAntología del terror$h[Texto impreso]$c[Traducción, José Manuel Pomares]
=250  \\$a[2ª ed.]
=260  \\$aBarcelona$bLuis de Caralt$c1986
=300  \\$a250 p.$c18 cm
=490  1\$aBiblioteca universal contemporánea$v102. Serie Novela
=500  \\$aTraducción de: Fiends and creatures
=650  \7$aNovelas de terror$yS.XIX$2embne
=650  \7$aNovelas de terror$yS.XX$2embne
=650  \7$aHorror novel$2ELB-g
=700  1\$aPomares, José M.$d(1943-)
=830  \0$aBiblioteca universal contemporánea$v102
=830  \0$aBiblioteca universal contemporánea.$pSerie Novela
=995  \\$aBiblioteca Nacional de España

