=LDR  00906nam a2200289 i 4500
=001  bimo0000002247
=003  SpMaBN
=005  20140219101440.4
=008  871014s1987\\\\sp\\\\\\\\\\\\\\\\\\spa\\
=015  \\$a1988-ENE-1988-DIC-16299
=016  7\$abimoBNE19910022666$zSAB9000003149$2SpMaBN
=017  \\$aNA 132-1987$bOficina Depósito Legal Navarra
=020  \\$a84-345-8467-0
=035  \\$a(OCoLC)434771238
=040  \\$aSpMaBN$bspa$cSpMaBN$erdc
=041  1\$aspa
=080  \\$a820(73)-31"19"
=100  1\$aHaley, Alex$0XX1641407$1http://viaf.org/viaf/80007399/
=240  10$aRaíces
=245  10$aRaíces$h[Texto impreso]$cAlex Haley ; [traducción, Rolando Costa Picazo]
=260  \\$aBarcelona$bSalvat$c1987
=300  \\$a2 v.$c19 cm
=440  \0$aNovela y ocio$v26-27
=500  \\$aTraducción de: Roots
=500  \\$aEn 2 v.
=700  1\$aCosta Picazo, Rolando
=995  \\$aBiblioteca Nacional de España

