=LDR  00952nam a2200277 i 4500
=001  bimo0000002287
=003  SpMaBN
=005  20190925013413.4
=008  871015s1987\\\\xxk\\\\\\\\\\\\\\\\\eng\\
=015  \\$a1988-ENE-1988-DIC-14321
=016  7\$abimoBNE19910023072$zSAB9000003198$2SpMaBN
=017  \\$aM 523-1987$bOficina Depósito Legal Madrid
=020  \\$a84-205-1555-8
=035  \\$a(OCoLC)434771443
=040  \\$aSpMaBN$bspa$cSpMaBN$erdc
=080  \\$a820(73)-31"18"
=080  \\$a802.0-82
=100  1\$aCooper, James Fenimore$d(1789-1851)$0XX1146554$1http://viaf.org/viaf/27062769/
=245  14$aThe Deerslayer$h[Texto impreso]$cJames Fenimore Cooper ; rewritten by L.A. Hill
=250  \\$a[1ª ed.]
=260  \\$aMadrid$bAlhambra$c1987
=300  \\$a144 p.$bil.$c19 cm
=440  \0$aEnglish graded readers.$pSimplified fiction series
=650  \7$aLengua inglesa$vLecturas$2embne
=700  1\$aHill, L. A.
=995  \\$aBiblioteca Nacional de España

