=LDR  00989nam a2200277 i 4500
=001  bimo0000002302
=003  SpMaBN
=005  20211118020652.5
=008  871016s1987\\\\sp\\\\\\\\\\\\\\\\\\spa\\
=015  \\$a1988-ENE-1988-DIC-16389
=016  7\$abimoBNE19910023229$zSAB9000003215$2SpMaBN
=017  \\$aB 12437-1987$bOficina Depósito Legal Barcelona
=020  \\$a84-7720-012-2
=035  \\$a(OCoLC)434771491
=040  \\$aSpMaBN$bspa$cSpMaBN$erdc
=080  \\$a820(73)-31"19"
=100  1\$aHoward, Robert E.$d(1906-1936)$0XX1146745$1http://viaf.org/viaf/41841537/
=240  14$aThe shadow kingdom$lEspañol
=245  13$aEl reino de las sombras$h[Texto impreso]$cRobert H. [i.e. E.] Howard ; [traducción de Francisco Arellano]
=250  \\$a[1ª ed.]
=260  \\$aBarcelona$bObelisco$c1987
=300  \\$a160 p.$c21 cm
=440  \0$aColección Obelisco-fantástica
=500  \\$aTraducción de: The shadow kingdom
=700  1\$aArellano, Francisco
=995  \\$aBiblioteca Nacional de España

