=LDR  00849nam a2200253 i 4500
=001  bimo0000002310
=003  SpMaBN
=005  20111123031242.4
=008  871016s1983\\\\sp\\\\\\\\\\\\\\\\\\spa\\
=016  7\$abimoBNE19910023308$zSAB9000003227$2SpMaBN
=017  \\$aM 21881-1983$bOficina Depósito Legal Madrid
=020  \\$a84-359-0333-8
=035  \\$a(OCoLC)434771523
=040  \\$aSpMaBN$bspa$cSpMaBN$erdc
=080  \\$a806.0(075.3)
=080  \\$a82.09(075.3)
=245  00$aLengua y literatura en su contexto 9$pGuía del profesor$h[Texto impreso]$cGladys Crescioni Neggers... [et al.]
=260  \\$aMadrid$bPlayor$cD.L. 1983
=300  \\$a59 p.$c24 cm
=650  \7$aLengua española$2embne
=650  \7$aLiteratura española$2embne
=650  \7$aSpanish literature$2ELB-n
=700  1\$aCrescioni Neggers, Gladys
=995  \\$aBiblioteca Nacional de España

