=LDR  01072nam a2200313 i 4500
=001  bimo0000002326
=003  SpMaBN
=005  20220314135341.2
=008  871016s1987\\\\sp\\\\\\\\\\\\\\\\\\spa\\
=015  \\$a1988-ENE-1988-DIC-16447
=016  7\$abimoBNE19910023476$zSAB9000003251$2SpMaBN
=017  \\$aB 4581-1987$bOficina Depósito Legal Barcelona
=020  \\$a84-270-1023-0
=035  \\$a(OCoLC)434771597
=040  \\$aSpMaBN$bspa$cSpMaBN$erdc
=080  \\$a820(73)-31"19"
=100  1\$aBachman, Richard
=240  14$aThe long walk$lEspañol
=245  13$aLa larga marcha$h[Texto impreso]$cStephen King escribiendo como Richard Bachman ; [traducción de Hernán Sabaté]
=260  \\$aBarcelona$bMartínez Roca$cD.L. 1987
=300  \\$a286 p.$c22 cm
=380  \\$iMajor genre$aLiterature$leng
=381  \\$iMajor genre$aFiction$leng
=440  \0$aGran super ficción
=500  \\$aTraducción de: The long walk
=655  \7$aNovelas de terror$2tgfbne
=655  \7$aNovelas distópicas$2tgfbne
=700  1\$aSabaté, Hernán
=995  \\$aBiblioteca Nacional de España

