=LDR  00878nam a2200253 i 4500
=001  bimo0000002332
=003  SpMaBN
=005  20200515011057.6
=008  871016s1986\\\\sp\\\\\\\\\\\\\\\\\\spa\\
=015  \\$a1988-ENE-1988-DIC-16304
=016  7\$abimoBNE19910023533$zSAB9000003258$2SpMaBN
=017  \\$aB 31072-1986$bOficina Depósito Legal Barcelona
=020  \\$a84-226-2184-3
=035  \\$a(OCoLC)434771615
=040  \\$aSpMaBN$bspa$cSpMaBN$erdc
=080  \\$a820(73)-31"19"
=100  1\$aHarper, Madeline$0XX1147122$1http://viaf.org/viaf/41740972/
=240  10$aLovedance$lEspañol
=245  10$aDanza de amor$h[Texto impreso]$cMadeline Harper ; [traducción, Amparo García Burgos]
=260  \\$aBarcelona$bCírculo de Lectores$c1986
=300  \\$a239 p.$c21 cm
=500  \\$aTraducción de: Lovedance
=700  1\$aGarcía Burgos, Amparo
=995  \\$aBiblioteca Nacional de España

