=LDR  01140nam a2200313 i 4500
=001  bimo0000002337
=003  SpMaBN
=005  20200515011057.6
=008  871019t19871986sp\\\\\\\\\\\\\\\\\\cat\\
=015  \\$a1988-ENE-1988-DIC-16495
=016  7\$abimoBNE19910023599$zSAB9000003264$2SpMaBN
=017  \\$aB 4816-1987$bOficina Depósito Legal Barcelona
=020  \\$a84-350-3356-2
=035  \\$a(OCoLC)434771634
=040  \\$aSpMaBN$bspa$cSpMaBN$erdc
=041  1\$acat$heng
=080  \\$a820(73)-31"19"
=100  1\$aLe Guin, Ursula K.$d(1929-2018)$0XX927978$1http://viaf.org/viaf/101734435/
=240  14$aThe tombs of Atuan$lCatalán
=245  14$aLes tombes d'Atuan$h[Texto impreso]$cUrsula Le Guin ; traducció de Madeleine Cases
=250  \\$a[1ª ed. a Edhasa Clàssics moderns]
=260  \\$aBarcelona$bEdhasa$c1986 1987 imp.
=300  \\$a213 p.$c19 cm
=440  \0$aClàssics moderns
=490  1\$aEls llibres de Terramar$v2
=500  \\$atraducción de: The tombs of Atuan
=700  1\$aCases, Madeleine
=800  1\$aLe Guin, Ursula K.$d1929-2018$tEarthsea$lCatalán (Editorial Edhasa)$v2
=995  \\$aBiblioteca Nacional de España

