=LDR  01016nam a2200289 i 4500
=001  bimo0000002363
=003  SpMaBN
=005  20120410120349.3
=008  871019t19861984sp\\\\\\\\\\\\\\\\\\spa\\
=015  \\$a1988-ENE-1988-DIC-15683
=016  7\$abimoBNE19910023858$zSAB9000003308$2SpMaBN
=017  \\$aB 25510-1984$bOficina Depósito Legal Barcelona
=020  \\$a84-270-0890-2
=035  \\$a(OCoLC)434771800
=040  \\$aSpMaBN$bspa$cSpMaBN$erdc
=080  \\$a82-322.9"19"(082.2)
=130  0\$aYear's best horror stories VII$lEspañol
=245  14$aLas mejores historias de terror IV$h[Texto impreso]$cselección de Gerald W. Page ; [traducción de Jordi Fibla]
=260  \\$aBarcelona$bMartínez Roca$cD.L. 1986
=300  \\$a167 p.$c19 cm
=440  \0$aSuper terror$v12
=500  \\$aTraducción de: The year's best horror stories VII
=650  \7$aNovelas de terror$yS.XX$2embne
=650  \7$aHorror novel$2ELB-g
=700  1\$aPage, Gerald W.
=700  1\$aFibla, Jordi
=995  \\$aBiblioteca Nacional de España

