=LDR  00801nam a2200229 i 4500
=001  bimo0000002372
=003  SpMaBN
=005  20200515011058.6
=008  871019s1987\\\\sp\\\\\\\\\\\\\\\\\\spa\\
=015  \\$a1988-ENE-1988-DIC-16951
=016  7\$abimoBNE19910023948$zSAB9000003318$2SpMaBN
=017  \\$aB 818-1987$bOficina Depósito Legal Barcelona
=020  \\$a84-7634-904-1
=035  \\$a(OCoLC)434771841
=040  \\$aSpMaBN$bspa$cSpMaBN$erdc
=080  \\$a820-32"19"
=100  1\$aWells, H. G.$d(1866-1946)$0XX1070444$1http://viaf.org/viaf/97006424/
=245  13$aLa ciencia ficción de H.G. Wells$h[Texto impreso]$cH.G. Wells ; [traducción, Thema]
=260  \\$aBarcelona$bOrbis$c1987
=300  \\$a2 v.$c20 cm
=440  \0$aBiblioteca de ciencia ficción$v99-100
=995  \\$aBiblioteca Nacional de España

