=LDR  00788nam a2200217 i 4500
=001  bimo0000002405
=003  SpMaBN
=005  20161230161841.6
=008  871020s1977\\\\xxu\\\\\\\\\\\\\\\\\eng\\
=016  7\$abimoBNE19910024275$zSAB9000003362$2SpMaBN
=020  \\$a0-8014-1072-X
=035  \\$a(OCoLC)434771983
=040  \\$aSpMaBN$bspa$cSpMaBN$erdc
=080  \\$a820(417)Shaw, George Bernard 1.06:1
=100  1\$aWhitman, Robert F.$0XX1148056$1http://viaf.org/viaf/93397661/
=245  10$aShaw and the plays of ideas$h[Texto impreso]$cRobert F. Whitman
=260  \\$aIthaca ;$a London$bCornell University Press$c1977
=300  \\$a293 p.$c23 cm
=504  \\$aÍndices
=600  17$aShaw, Bernard$d(1856-1950)$xFilosofía$2embne$1http://viaf.org/viaf/89019752/
=995  \\$aBiblioteca Nacional de España

