=LDR  01185nam a2200325 i 4500
=001  bimo0000002420
=003  SpMaBN
=005  20200515011058.6
=008  871020c19861977sp\\\\\\\\\\\\\\\\\\spa\\
=015  \\$a1988-ENE-1988-DIC-16146
=016  7\$abimoBNE19910024422$zSAB9000003384$2SpMaBN
=017  \\$aB 35596-1986$bOficina Depósito Legal Barcelona
=020  \\$a84-350-0717-0
=035  \\$a(OCoLC)434772038
=040  \\$aSpMaBN$bspa$cSpMaBN$erdc
=041  1\$aspa$heng
=080  \\$a820-31"19"
=100  1\$aDurrell, Lawrence$d(1912-1990)$0XX942865$1http://viaf.org/viaf/68928525/
=240  10$aJustine$lEspañol
=245  10$aJustine$h[Texto impreso]$cLawrence Durrell ; [traducción de Aurora Bernárdez]
=250  \\$a[1ª ed.]
=260  \\$aBarcelona$bEdhasa$c1977$g1986
=300  \\$a318 p.$c21 cm
=490  1\$aEl cuarteto de Alejandría$v1
=490  1\$a[Narrativas contemporáneas]
=500  \\$aTraducción de: Justine
=700  1\$aBernárdez, Aurora$d(1920-2014)$1http://viaf.org/viaf/59213158/
=800  1\$aDurrell, Lawrence$d1912-1990$tThe Alexandria quartet (Edhasa)$lEspañol$v1
=830  \0$aNarrativas contemporáneas
=995  \\$aBiblioteca Nacional de España

