=LDR  00946nam a2200277 i 4500
=001  bimo0000002441
=003  SpMaBN
=005  20140213004631.5
=008  871021s1987\\\\sp\\\\\\\\\\\\\\\\\\spa\\
=015  \\$a1988-ENE-1988-DIC-16868
=016  7\$abimoBNE19910024635$zSAB9000003415$2SpMaBN
=017  \\$aB 43185-1986$bOficina Depósito Legal Barcelona
=020  \\$a84-7223-235-2
=035  \\$a(OCoLC)434772129
=040  \\$aSpMaBN$bspa$cSpMaBN$erdc
=080  \\$a820(73)-31"19"
=100  1\$aTheroux, Paul$d(1941-)$0XX1148171$1http://viaf.org/viaf/34463664/
=240  13$aLa calle de la Media Luna
=245  13$aLa calle de la Media Luna$h[Texto impreso]$cPaul Theroux ; traducción de Iris Menéndez
=250  \\$a[2ª ed.]
=260  \\$aBarcelona$bTusquets$c1987
=300  \\$a145 p.$c21 cm
=440  \0$aColección Andanzas$v35
=500  \\$aTraducción de: Doctor Slaughter
=700  1\$aMenéndez, Iris
=995  \\$aBiblioteca Nacional de España

