=LDR  00975nam a2200277 i 4500
=001  bimo0000002447
=003  SpMaBN
=005  20200515011058.6
=008  871021c1986\\\\sp\\\\\\\\\\\\\\\\\\cat\\
=015  \\$a1988-ENE-1988-DIC-16583
=016  7\$abimoBNE19910024703$zSAB9000003423$2SpMaBN
=017  \\$aB 42199-1986$bOficina Depósito Legal Barcelona
=020  \\$a84-86433-29-0
=035  \\$a(OCoLC)733186326
=040  \\$aSpMaBN$bspa$cSpMaBN$erdc
=080  \\$a820(73)-31"19"
=100  1\$aMcInerney, Jay$0XX1148145$1http://viaf.org/viaf/29555111/
=240  10$aBright lights, big city$lCatalán
=245  10$aNits de neó$h[Texto impreso] =$b(Bright lights, big city)$cJay McInerney ; traducció de Carles Urritz i Carme Geronès
=250  \\$a[2ª ed.]
=260  \\$aBarcelona$bColumna$c1986
=300  \\$a182 p.$c19 cm
=500  \\$aTraducción de: Bright lights, big city
=700  1\$aUrritz, Carles
=700  1\$aGeronès, Carme
=995  \\$aBiblioteca Nacional de España

