=LDR  01165nam a2200325 i 4500
=001  bimo0000002452
=003  SpMaBN
=005  20211104014817.5
=008  871021m19831984sp\|\\\\\\\\\\||\\\\spa\\
=015  \\$a1988-ENE-1988-DIC-15804
=016  7\$abimoBNE19910024758$zSAB9000003428$2SpMaBN
=017  \\$aB 34428-1984$bOficina Depósito Legal Barcelona
=020  \\$a84-02-04629-0
=035  \\$a(OCoLC)434772258
=040  \\$aSpMaBN$bspa$cSpMaBN$erdc
=041  1\$aspa$heng
=080  \\$a820(73)-32"19"
=100  1\$aAsimov, Isaac$d(1920-1992)$0XX930549$1http://viaf.org/viaf/24597135/
=243  10$aCuentos$lEspañol$kSelección
=245  10$aSelección$h[Texto impreso]$cIsaac Asimov ; [traducción, Mª Teresa Segur]
=250  \\$a[5ª ed.]
=260  \\$aBarcelona$bBruguera$c1983-1984
=300  \\$a3 v.$c18 cm
=490  1\$aLibro amigo$v336, 346, 362. Ciencia Ficción
=500  \\$aTraducción de: The early Asimov
=500  \\$aReimp. de la 1ª ed., 1975
=700  1\$aSegur, María Teresa
=830  \0$aLibro amigo (Editorial Bruguera)$v336, etc.
=830  \0$aLibro amigo (Editorial Bruguera).$pCiencia ficción
=995  \\$aBiblioteca Nacional de España

