=LDR  00961nam a2200277 i 4500
=001  bimo0000002463
=003  SpMaBN
=005  20200515011058.6
=008  871021s1986\\\\sp\\\\\\\\\\\\\\\\\\spa\\
=015  \\$a1988-ENE-1988-DIC-16171
=016  7\$abimoBNE19910024860$zSAB9000003445$2SpMaBN
=017  \\$aB 38232-1986$bOficina Depósito Legal Barcelona
=020  \\$a84-7634-391-4
=035  \\$a(OCoLC)433914709
=040  \\$aSpMaBN$bspa$cSpMaBN$erdc
=080  \\$a820(73)-31"19"
=100  1\$aFarmer, Philip José$0XX1148142$1http://viaf.org/viaf/46760781/
=240  10$aRelaciones extrañas
=245  10$aRelaciones extrañas$h[Texto impreso]$cPhilip José Farmer ; [traducción, Matilde Horne]
=250  \\$a[2ª ed.]
=260  \\$aBarcelona$bOrbis$c1986
=300  \\$a187 p.$c20 cm
=440  \0$aBiblioteca de ciencia ficción$v34
=500  \\$aTraducción de: Strange relations
=700  1\$aHorne, Matilde$d(1914-2008)
=995  \\$aBiblioteca Nacional de España

