=LDR  02019cam a2200289 c 4500
=001  bimo0000002474
=003  SpMaBN
=005  20180601000000.6
=008  871021s1986\\\\sp\\\\\\\\\\\\000\j\spa\\
=015  \\$a1988-ENE-1988-DIC-20427
=016  7\$abimoBNE19910024972$zSAB9000003456$2SpMaBN
=017  \\$aO 217-1987$bOficina Depósito Legal Asturias
=020  \\$a84-85377-27-3
=035  \\$a(OCoLC)434772337
=040  \\$aSpMaBN$bspa$cSpMaBN$erdc
=080  \\$a821.134.2-32"19"
=080  \\$a821.134.2-3$2summary
=100  1\$aGonzález-Blanco, Andrés$d(1886-1924)$0XX935862$1http://viaf.org/viaf/100258151/
=243  10$aObra selecta
=245  10$aSeis narraciones$cAndrés González Blanco ; antología, edición, introducción, bibliografía y notas de José María Martínez Cachero
=260  \\$aOviedo$bInstituto de Estudios Asturianos$c1986
=300  \\$a193 p.$c24 cm
=490  0\$aBiblioteca literaria asturiana$vv. 2
=700  1\$aMartínez Cachero, José María$d(1924-2010)$0http://datos.bne.es/resource/XX907696$1http://viaf.org/viaf/78129/
=710  2\$aInstituto de Estudios Asturianos
=856  41$uhttp://bdh-rd.bne.es/viewer.vm?id=0000177596&page=1$yBiblioteca Digital Hispánica$zacceso y/o uso restringido$xLa presente obra presenta restricciones en cuanto a su reproducción, distribución, comunicación pública o transformación; no obstante y en virtud del artículo 37 del Texto refundido de la Ley de Propiedad Intelectual (TRLPI), la Biblioteca Nacional de España está autorizada a la reproducción y a la comunicación de obras, mediante red cerrada e interna, a efectos de investigación (artículo 37, RDL 1/1996, de 12 de abril, revisada el 5 noviembre de 2015); sin perjuicio de las copias que puedan obtenerse en la BNE para uso privado, para ejercer cualquier otro de los derechos de explotación previstos en la TRLPI, el usuario deberá contactar con el correspondiente titular o la entidad de gestión encargada de representar al titular.
=995  \\$aBiblioteca Nacional de España

