=LDR  00942nam a2200265 i 4500
=001  bimo0000002515
=003  SpMaBN
=005  20191024010225.5
=008  871022s1986\\\\sp\\\\\\\\\\\\\\\\\\spa\\
=015  \\$a1988-ENE-1988-DIC-6873
=016  7\$abimoBNE19910025401$zSAB9000003520$2SpMaBN
=017  \\$aM 30084-1986$bOficina Depósito Legal Madrid
=020  \\$a84-85639-73-1
=035  \\$a(OCoLC)434772563
=040  \\$aSpMaBN$bspa$cSpMaBN$erdc
=080  \\$a82(=971.6)(082.2)
=100  1\$aGrinnell, George Bird$d(1849-1938)$0XX958963
=245  10$aCuentos de los indios Pawnee$h[Texto impreso]$cGeorge Bird Grinnell ; [traductor, Ramón Martínez Castellote]
=260  \\$aMadrid$bMiraguano$c1986
=300  \\$a171 p.$bil.$c20 cm. + 1 folleto (XV p.)
=440  \0$aLibros de los malos tiempos$v18
=650  \7$aCuentos pawnees$2embne
=650  \7$aStory$2ELB-g
=700  1\$aMartínez Castellote, Ramón
=995  \\$aBiblioteca Nacional de España

