=LDR  00742nam a2200217 i 4500
=001  bimo0000002519
=003  SpMaBN
=005  20200103011306.6
=008  871022s1984\\\\xxu\\\\\\\\\\\\\\\\\eng\\
=016  7\$abimoBNE19910025445$zSAB9000003524$2SpMaBN
=020  \\$a0-8014-1671-X
=035  \\$a(OCoLC)434772580
=040  \\$aSpMaBN$bspa$cSpMaBN$erdc
=080  \\$a82-31.09"18"
=100  1\$aSiebers, Tobin$0XX1148929$1http://viaf.org/viaf/27080175/
=245  14$aThe Romantic fantastic$h[Texto impreso]$cTobin Siebers
=260  \\$aIthaca ;$a London$bCornell University Press$c1984
=300  \\$a194 p.$c23 cm
=650  \7$aNovela fantástica$yS.XIX$xHistoria y crítica$2embne
=650  \7$aFantastic novel$2ELB-g
=995  \\$aBiblioteca Nacional de España

