=LDR  00916nam a2200277 i 4500
=001  bimo0000002553
=003  SpMaBN
=005  20221228004147.4
=008  871023s1973\\\\xxu\\\\\\\\\\\\\\\\\eng\\
=016  7\$abimoBNE19910025793$zSAB9000003570$2SpMaBN
=020  \\$a0-8371-6847-3
=035  \\$a(OCoLC)434772710
=040  \\$aSpMaBN$bspa$cSpMaBN$erdc
=080  \\$a111.852
=080  \\$a82.09
=080  \\$a7.072.3
=100  1\$aOsborne, Harold$0XX1149177$1http://viaf.org/viaf/34472578/
=245  10$aAesthetics and criticism$h[Texto impreso]$cby Harold Osborne
=260  \\$aWestport, Connecticut$bGreenwood Press$c1973
=300  \\$aVII, 341 p.$c23 cm
=500  \\$aReprod de la ed. de: London : Routledge & Kegan Paul, 1955
=504  \\$aBibliografía: p. 325-334
=650  \7$aEstética$2embne
=650  \7$aCrítica literaria$2embne
=650  \7$aCrítica artística$2embne
=995  \\$aBiblioteca Nacional de España

