=LDR  00803nam a2200229 i 4500
=001  bimo0000002556
=003  SpMaBN
=005  20200515011059.6
=008  871023s1986\\\\sp\\\\\\\\\\\\\\\\\\spa\\
=015  \\$a1988-ENE-1988-DIC-16586
=016  7\$abimoBNE19910025827$zSAB9000003573$2SpMaBN
=017  \\$aB 39241-1986$bOficina Depósito Legal Barcelona
=020  \\$a84-226-2207-6
=035  \\$a(OCoLC)434772726
=040  \\$aSpMaBN$bspa$cSpMaBN$erdc
=080  \\$a820-31"19"
=100  1\$aMacInnes, Colin$0XX1149185$1http://viaf.org/viaf/12429771/
=245  10$aPrincipiantes$h[Texto impreso] =$bAbsolute beginners$cColin MacInnes ; [traducción, Baldomer Porta]
=260  \\$aBarcelona$bCírculo de Lectores$c1986
=300  \\$a233 p.$c21 cm
=700  1\$aPorta, Baldomero
=995  \\$aBiblioteca Nacional de España

