=LDR  00875nam a2200265 i 4500
=001  bimo0000002562
=003  SpMaBN
=005  20221228004202.4
=008  871023s1987\\\\sp\\\\\\\\\\\\\\\\\\cat\\
=015  \\$a1988-ENE-1988-DIC-15633
=016  7\$abimoBNE19910025883$zSAB9000003581$2SpMaBN
=017  \\$aB 42786-1986$bOficina Depósito Legal Barcelona
=020  \\$a84-297-2525-3
=035  \\$a(OCoLC)434772784
=040  \\$aSpMaBN$bspa$cSpMaBN$erdc
=080  \\$a82.09(042)
=245  00$aFrontera i perill$h[Texto impreso] :$b(curs 1985)$cpròleg de Jordi Llovet
=250  \\$a[1ª ed.]
=260  \\$aBarcelona$bEdicions 62$c1987
=300  \\$a158 p.$c18 cm
=440  \0$aLlibres a l'abast$v221
=500  \\$aPrecede al tít.: Col.legi de Filosofia
=650  \7$aLiteratura$xHistoria y crítica$2embne
=710  2\$aCol·legi de Filosofia
=995  \\$aBiblioteca Nacional de España

