=LDR  00962nam a2200265 i 4500
=001  bimo0000002568
=003  SpMaBN
=005  20200904005036.6
=008  871023s1987\\\\sp\\\\\\\\\\\\\\\\\\spa\\
=015  \\$a1988-ENE-1988-DIC-15859
=016  7\$abimoBNE19910025940$zSAB9000003592$2SpMaBN
=017  \\$aNA 21-1987$bOficina Depósito Legal Navarra
=020  \\$a84-345-8489-1
=035  \\$a(OCoLC)434772808
=040  \\$aSpMaBN$bspa$cSpMaBN$erdc
=080  \\$a820-31"18"
=100  1\$aBrontë, Emily$d(1818-1848)$0XX1149235$1http://viaf.org/viaf/97097302/
=240  10$aWuthering heights$lEspañol
=245  10$aCumbres borrascosas$h[Texto impreso]$cEmily Brontë ; [traducción Carmen Martín Gaite]
=260  \\$aBarcelona$bSalvat$c1987
=300  \\$a333 p.$c19 cm
=440  \0$aNovela y ocio$v22
=500  \\$aTraducción de: Wuthering heights
=700  1\$aMartín Gaite, Carmen$d(1925-2000)$1http://viaf.org/viaf/4943901/
=995  \\$aBiblioteca Nacional de España

