=LDR  01169nam a2200301 i 4500
=001  bimo0000002589
=003  SpMaBN
=005  20200103011306.6
=008  871026s1986\\\\sp\\\\\\\\\\\\\\\\\\spa\\
=015  \\$a1988-ENE-1988-DIC-15748
=016  7\$abimoBNE19910026154$zSAB9000003613$2SpMaBN
=017  \\$aB 33995-1986$bOficina Depósito Legal Barcelona
=020  \\$a84-01-45066-7
=035  \\$a(OCoLC)434772868
=040  \\$aSpMaBN$bspa$cSpMaBN$erdc
=080  \\$a82-312.4.09"18/19"
=100  1\$aVázquez de Parga, Salvador$d(1934-2009)$0XX1067792$1http://viaf.org/viaf/51928653/
=245  10$aDe la novela policiaca a la novela negra$h[Texto impreso] :$blos mitos de la novela criminal$cSalvador Vázquez de Parga
=250  \\$a[1ª ed.]
=260  \\$aEsplugues de Llobregat, Barcelona$bPlaza & Janés$c1986
=300  \\$a333 p.$c18 cm
=440  \0$aTribuna de Plaza & Janés$v71
=650  \7$aNovela policiaca$yS.XIX$xHistoria y crítica$2embne
=650  \7$aNovela policiaca$yS.XX$xHistoria y crítica$2embne
=650  \7$aNovela negra$xHistoria y crítica$2embne
=650  \7$aCrime novel$2ELB-g
=650  \7$aNovel$2ELB-g
=995  \\$aBiblioteca Nacional de España

