=LDR  00902nam a2200253 i 4500
=001  bimo0000002590
=003  SpMaBN
=005  20200515011059.6
=008  871026s1981\\\\sp\|\\\\\\\\\\|||\||spa\\
=016  7\$abimoBNE19910026165$zSAB9000003614$2SpMaBN
=017  \\$aB 28710-1981$bOficina Depósito Legal Barcelona
=020  \\$a84-270-0683-7
=035  \\$a(OCoLC)434772875
=040  \\$aSpMaBN$bspa$cSpMaBN$erdc
=080  \\$a820(73)-31"19"
=100  1\$aSteel, Danielle$d(1947-)$0XX1151273$1http://viaf.org/viaf/100238676/
=240  14$aThe ring$lEspañol
=245  13$aEl anillo$h[Texto impreso]$cDanielle Steel ; [traducción de Jordi Arbonés]
=260  \\$aBarcelona$bMartínez Roca$cD.L. 1981
=300  \\$a374 p.$c20 cm
=440  \0$aNueva fontana
=500  \\$aTraducción de: The ring
=700  1\$aArbonès, Jordi$d(1929-2001)$1http://viaf.org/viaf/64048811/
=995  \\$aBiblioteca Nacional de España

