=LDR  00925cam a2200229 i 4500
=001  bimo0000002597
=003  SpMaBN
=005  20190903010051.3
=008  871026s1986\\\\sp\\\\\\\\\\\\\\\\\\spa\\
=015  \\$a1988-ENE-1988-DIC-15677
=016  7\$abimoBNE19910026244$zSAB9000003624$2SpMaBN
=017  \\$aT 2073-1986$bOficina Depósito Legal Tarragona
=020  \\$a84-398-7615-7
=035  \\$a(OCoLC)434772898
=040  \\$aSpMaBN$bspa$cSpMaBN$erdc
=080  \\$a82.09"18"(042)
=100  1\$aMartínez Sarrión, Ángel$0XX1151464$1http://viaf.org/viaf/36986536/
=245  10$aPesimismo y esperanza en los personajes literarios de los umbrales de nuestro tiempo vistos por un notario$h[Texto impreso]$cÁngel Martínez Sarrión
=260  \\$aTarragona$b[A. Martínez]$c1986$e(Tarragona$fF. Sugrañes Editors)
=300  \\$a320 p.$c25 cm
=650  \7$aLiteratura$yS.XIX$xHistoria y crítica$2embne
=995  \\$aBiblioteca Nacional de España

