=LDR  01145nam a2200313 i 4500
=001  bimo0000002599
=003  SpMaBN
=005  20200515011059.6
=008  871026s1986\\\\sp\\\\\\\\\\\\\\\\\\spa\\
=015  \\$a1988-ENE-1988-DIC-16147
=016  7\$abimoBNE19910026266$zSAB9000003631$2SpMaBN
=017  \\$aB 20664-1986$bOficina Depósito Legal Barcelona
=020  \\$a84-350-1552-1
=035  \\$a(OCoLC)433106963
=040  \\$aSpMaBN$bspa$cSpMaBN$erdc
=041  1\$aspa$heng
=080  \\$a820-31"19"
=100  1\$aDurrell, Lawrence$d(1912-1990)$0XX942865$1http://viaf.org/viaf/68928525/
=240  10$aJustine$lEspañol
=245  10$aJustine$h[Texto impreso]$cLawrence Durrell ; [traducción de Aurora Bernárdez]
=250  \\$a[1ª ed. en Pocket-Edhasa]
=260  \\$aBarcelona$bEdhasa$c1986
=300  \\$a273 p.$c18 cm
=440  \0$aPocket/Edhasa$v52
=490  1\$aEl cuarteto de Alejandría$v1
=500  \\$aTraducción de: Justine
=700  1\$aBernárdez, Aurora$d(1920-2014)$1http://viaf.org/viaf/59213158/
=800  1\$aDurrell, Lawrence$d1912-1990$tThe Alexandria quartet (Edhasa)$lEspañol$vv. 1
=995  \\$aBiblioteca Nacional de España

