=LDR  01116nam a2200301 i 4500
=001  bimo0000002602
=003  SpMaBN
=005  20200515011059.6
=008  871026s1986\\\\sp\\\\\\\\\\\\\\\\\\cat\\
=015  \\$a1988-ENE-1988-DIC-15969
=016  7\$abimoBNE19910026299$zSAB9000003634$2SpMaBN
=017  \\$aB 24045-1986$bOficina Depósito Legal Barcelona
=020  \\$a84-7279-236-6
=035  \\$a(OCoLC)434772911
=040  \\$aSpMaBN$bspa$cSpMaBN$erdc
=080  \\$a820-31"19"
=100  1\$aChristie, Agatha$d(1890-1976)$0XX1056186$1http://viaf.org/viaf/71388952/
=240  10$aEvil under the sun$lCatalán
=245  10$aMaldat sota el sol$h[Texto impreso]$cAgatha Christie ; versió catalana de Jordi Garcia
=250  \\$a[1ª ed.]
=260  \\$aBarcelona$bLa Llar del Llibre$c1986
=300  \\$a218 p.$c19 cm
=440  \0$aCol·lecció Nova terra$v61
=490  1\$aSèrie Agatha Christie$v9
=500  \\$aTraducción de: Evil under the sun
=700  1\$aGarcía, Jordi$qGarcía Clavel
=800  1\$aChristie, Agatha$d1890-1976$tSèrie Agatha Christie (La Llar del Llibre)$v9
=995  \\$aBiblioteca Nacional de España

