=LDR  00770nam a2200217 i 4500
=001  bimo0000002637
=003  SpMaBN
=005  20190815014058.5
=008  871026s1987\\\\xxu\\\\\\\\\\\\\\\\\eng\\
=016  7\$abimoBNE19910026648$zSAB9000003682$2SpMaBN
=020  \\$a0-8014-2008-3
=035  \\$a(OCoLC)434773063
=040  \\$aSpMaBN$bspa$cSpMaBN$erdc
=080  \\$a820-2.09"15"
=100  1\$aMcMillin, Scott$0XX1152063$1http://viaf.org/viaf/179742510/
=245  14$aThe Elizabethan theatre and "The book of sir Thomas More"$h[Texto impreso]$cby Scott McMillin
=260  \\$aIthaca ;$a London$bCornell University Press$c1987
=300  \\$a170 p.$c23 cm
=504  \\$aÍndices
=650  \7$aTeatro inglés$yS.XVI-XVII$xHistoria y crítica$2embne
=995  \\$aBiblioteca Nacional de España

