=LDR  00953nam a2200277 i 4500
=001  bimo0000002638
=003  SpMaBN
=005  20200515011059.6
=008  871026r19861966sp\\\\\\\\\\\\\\\\\\spa\\
=015  \\$a1988-ENE-1988-DIC-16652
=016  7\$abimoBNE19910026659$zSAB9000003683$2SpMaBN
=017  \\$aB 40850-1986$bOficina Depósito Legal Barcelona
=020  \\$a84-264-1007-3
=035  \\$a(OCoLC)432719198
=040  \\$aSpMaBN$bspa$cSpMaBN$erdc
=080  \\$a820(73)-31"19"
=100  1\$aO'Connor, Flannery$d(1925-1964)$0XX1152066$1http://viaf.org/viaf/17227472/
=240  10$aWise blood$lEspañol
=245  10$aSangre sabia$h[Texto impreso]$cFlannery O'Connor ; [traducción, Armando J. Durán]
=250  \\$a[1ª ed.]
=260  \\$aBarcelona$bLúmen$c1966$g(1986 imp.)
=300  \\$a224 p.$c19 cm
=440  \0$aPalabra en el tiempo$v7
=500  \\$aTraducción de: Wise blood
=700  1\$aDurán, Armando J.
=995  \\$aBiblioteca Nacional de España

