=LDR  01071nam a2200313 i 4500
=001  bimo0000002639
=003  SpMaBN
=005  20220308004759.3
=008  871026s1986\\\\sp\\\\\\\\\\\\\\\\\\spa\\
=015  \\$a1988-ENE-1988-DIC-76
=016  7\$abimoBNE19910026660$zSAB9000003684$2SpMaBN
=017  \\$aB 26238-1986$bOficina Depósito Legal Barcelona
=020  \\$a84-7509-400-7
=035  \\$a(OCoLC)318325512
=040  \\$aSpMaBN$bspa$cSpMaBN$erdc
=080  \\$a003.6
=080  \\$a82.01
=080  \\$a7.01
=100  1\$aBarthes, Roland$d(1915-1980)$0XX1152043$1http://viaf.org/viaf/44295060/
=240  12$aL'obvie et l'obtus$lEspañol
=245  13$aLo obvio y lo obtuso$h[Texto impreso] :$bimágenes, gestos, voces$cRoland Barthes ; [traducción de C. Fernández Medrano]
=250  \\$a[1ª ed.]
=260  \\$aBarcelona$bPaidós$c1986
=300  \\$a380 p.$bil.$c22 cm
=440  \0$aPaidós comunicación$v21
=500  \\$aTraducción de: L'obvie et l'obtus
=650  \7$aSemiótica$2embne
=650  \7$aSemiótica y arte$2embne
=995  \\$aBiblioteca Nacional de España

