=LDR  01032nam a2200277 i 4500
=001  bimo0000002665
=003  SpMaBN
=005  20200515011100.6
=008  871028s1986\\\\sp\\\\\\\\\\\\\\\\\\spa\\
=015  \\$a1988-ENE-1988-DIC-16354
=016  7\$abimoBNE19910026929$zSAB9000003727$2SpMaBN
=017  \\$aB 37566-1986$bOficina Depósito Legal Barcelona
=020  \\$a84-339-3054-0
=035  \\$a(OCoLC)434773173
=040  \\$aSpMaBN$bspa$cSpMaBN$erdc
=080  \\$a820(73)-31"19"
=100  1\$aHighsmith, Patricia$d(1921-1995)$0XX896115$1http://viaf.org/viaf/66468662/
=240  10$aPeople who knock on the door$lEspañol
=245  10$aGente que llama a la puerta$h[Texto impreso]$cPatricia Highsmith ; traducción de Jordi Beltrán
=250  \\$a[2ª ed.]
=260  \\$aBarcelona$bAnagrama$c1986
=300  \\$a303 p.$c20 cm
=440  \0$aPanorama de narrativas$v54
=500  \\$aTraducción de: People who knock on the door
=700  1\$aBeltrán, Jordi$d(1941-)$1http://viaf.org/viaf/87465192/
=995  \\$aBiblioteca Nacional de España

