=LDR  00980nam a2200289 i 4500
=001  bimo0000002681
=003  SpMaBN
=005  20200515011100.6
=008  871028s1987\\\\sp\\\\\\\\\\\\|||\\\spa\\
=015  \\$a1988-ENE-1988-DIC-15891
=016  7\$abimoBNE19910027087$zSAB9000003748$2SpMaBN
=017  \\$aB 537-1987$bOficina Depósito Legal Barcelona
=020  \\$a84-320-4392-3
=035  \\$a(OCoLC)434773303
=040  \\$aSpMaBN$bspa$cSpMaBN$erdc
=080  \\$a820(73)-94"19"
=080  \\$a929 Callahan, Steven
=100  1\$aCallahan, Steven$0XX1165657$1http://viaf.org/viaf/86919847/
=245  10$aA la deriva$h[Texto impreso]$cSteven Callahan ; ilustraciones del autor ; traducción de Ernesto Alba
=250  \\$a[1ª ed.]
=260  \\$aBarcelona$bPlaneta$c1987
=300  \\$a226 p.$bil.$c21 cm
=490  1\$aDocumento$v209
=500  \\$aTraducción de: Adrift
=700  1\$aAlba, Ernesto
=830  \0$aDocumento (Editorial Planeta)$v209
=995  \\$aBiblioteca Nacional de España

