=LDR  00878nam a2200253 i 4500
=001  bimo0000002689
=003  SpMaBN
=005  20190608005642.7
=008  871028s1986\\\\sp\\\\\\\\\\\\\\\\\\spa\\
=015  \\$a1988-ENE-1988-DIC-16190
=016  7\$abimoBNE19910027166$zSAB9000003760$2SpMaBN
=017  \\$aB 34533-1986$bOficina Depósito Legal Barcelona
=020  \\$a84-270-1067-2
=035  \\$a(OCoLC)434773331
=040  \\$aSpMaBN$bspa$cSpMaBN$erdc
=080  \\$a820(73)-31"19"
=100  1\$aFord, John M.$0XX1156511$1http://viaf.org/viaf/620469/
=245  10$aCuando el dragón despierte$h[Texto impreso]$cJohn M. Ford ; [traducción de Albert Solé]
=260  \\$aBarcelona$bMartínez Roca$cD.L. 1986
=300  \\$a337 p.$c22 cm
=440  \0$aGran fantasy
=500  \\$aTraducción de: The dragon waiting
=700  1\$aSolè, Albert$d(1957-)
=995  \\$aBiblioteca Nacional de España

