=LDR  00977nam a2200277 i 4500
=001  bimo0000002691
=003  SpMaBN
=005  20200515011100.6
=008  871028s1986\\\\sp\\\\\\\\\\\\\\\\\\spa\\
=015  \\$a1988-ENE-1988-DIC-16962
=016  7\$abimoBNE19910027188$zSAB9000003762$2SpMaBN
=017  \\$aB 31298-1986$bOficina Depósito Legal Barcelona
=020  \\$a84-334-3601-5
=035  \\$a(OCoLC)434773336
=040  \\$aSpMaBN$bspa$cSpMaBN$erdc
=080  \\$a820(73)-31"19"
=100  1\$aWestlake, Donald E.$d(1933-2008)$0XX1070974$1http://viaf.org/viaf/41847945/
=240  10$aWhy me?$lEspañol
=245  11$a¿Por qué yo?$h[Texto impreso]$cDonald Westlake ; [traducción, Alberto Cardín]
=250  \\$a[1ª ed.]
=260  \\$aMadrid ;$aGijón$bJúcar$c1986
=300  \\$a274 p.$c20 cm
=440  \0$aEtiqueta negra$v1
=500  \\$aTraducción de: Why me?
=700  1\$aCardín, Alberto$d(1948-1992)$1http://viaf.org/viaf/59101517/
=995  \\$aBiblioteca Nacional de España

