=LDR  00882nam a2200265 i 4500
=001  bimo0000002692
=003  SpMaBN
=005  20150512003951.3
=008  871028c19861985sp\\\\\\\\\\\\\\\\\\spa\\
=015  \\$a1988-ENE-1988-DIC-16156
=016  7\$abimoBNE19910027199$zSAB9000003763$2SpMaBN
=017  \\$aB 21807-1986$bOficina Depósito Legal Barcelona
=020  \\$a84-350-0762-6
=035  \\$a(OCoLC)433883012
=040  \\$aSpMaBN$bspa$cSpMaBN$erdc
=080  \\$a820-31"19"
=100  1\$aDurrell, Lawrence$d(1912-1990)$0XX942865$1http://viaf.org/viaf/68928525/
=240  10$aTunc
=245  10$aTunc$h[Texto impreso]$cLawrence Durrell ; [traducción de Matilde Horne]
=250  \\$a[1ª ed.]
=260  \\$aBarcelona$bEdhasa$c1985 (1986 imp.)
=300  \\$a373 p.$c21 cm
=500  \\$aTraducción de: Tunc
=700  1\$aHorne, Matilde$d(1914-2008)
=995  \\$aBiblioteca Nacional de España

