=LDR  00863nam a2200253 i 4500
=001  bimo0000002723
=003  SpMaBN
=005  20220314132828.2
=008  871029s1986\\\\sp\\\\\\\\\\\\\\\\\\spa\\
=015  \\$a1988-ENE-1988-DIC-16443
=016  7\$abimoBNE19910027515$zSAB9000003799$2SpMaBN
=017  \\$aB 31073-1986$bOficina Depósito Legal Barcelona
=020  \\$a84-226-2188-6
=035  \\$a(OCoLC)434773487
=040  \\$aSpMaBN$bspa$cSpMaBN$erdc
=080  \\$a820(73)-31"19"
=100  1\$aBachman, Richard
=240  14$aThe running man$lEspañol
=245  13$aEl fugitivo$h[Texto impreso]$cStephen King escribiendo como Richard Bachman ; [traducción, Hernán Sabaté]
=260  \\$aBarcelona$bCírculo de Lectores$c1986
=300  \\$a212 p.$c22 cm
=500  \\$aTraducción de: The running man
=700  1\$aSabaté, Hernán
=995  \\$aBiblioteca Nacional de España

