=LDR  00879nam a2200229 i 4500
=001  bimo0000002761
=003  SpMaBN
=005  20190810005927.7
=008  871029s1987\\\\xxu\\\\\\\\\\\\\\\\\eng\\
=016  7\$abimoBNE19910027908$zSAB9000003839$2SpMaBN
=020  \\$a0-226-49990-1
=035  \\$a(OCoLC)434774431
=040  \\$aSpMaBN$bspa$cSpMaBN$erdc
=080  \\$a820.09:860(7/8).09
=100  1\$aMac Adam, Alfred J.$0XX935375$1http://viaf.org/viaf/24624684/
=245  10$aTextual confrontations$h[Texto impreso] :$bcomparative readings in Latin American literature$cAlfred J. Mac Adam
=260  \\$aChicago ;$a London$bUniversity of Chicago Press$ccop. 1987
=300  \\$aXI, 203 p.$c22 cm
=504  \\$aBibliografía: p. 189-195. Índice
=650  \7$aLiteratura hispanoamericana y literatura inglesa$2embne
=650  \7$aEnglish literature$2ELB-n
=995  \\$aBiblioteca Nacional de España

