=LDR  00746nam a2200217 i 4500
=001  bimo0000002792
=003  SpMaBN
=005  20211105013547.6
=008  871029s1975\\\\gw\\\\\\\\\\\\\\\\\\ger\\
=016  7\$abimoBNE19910028224$zSAB9000003871$2SpMaBN
=020  \\$a3-534-05740-6
=035  \\$a(OCoLC)434774556
=040  \\$aSpMaBN$bspa$cSpMaBN$erdc
=080  \\$a82.015"16/17"
=245  04$aDer Literarische Barockbegriff$h[Texto impreso]$cherausgegeben von Wilfried Barner
=260  \\$aDarmstadt$bWissenschaftliche Buchgesellschaft$c1975
=300  \\$aVII, 597 p.$c20 cm
=440  \0$aWege der Forschung$x0509-9609$vBd. 358
=650  \7$aLiteratura barroca$xHistoria y crítica$2embne
=700  1\$aBarner, Wilfried
=995  \\$aBiblioteca Nacional de España

