=LDR  00744nam a2200217 i 4500
=001  bimo0000002812
=003  SpMaBN
=005  20211104014817.5
=008  871029s1971\\\\gw\\\\\\\\\\\\\\\\\\ger\\
=016  7\$abimoBNE19910028426$zSAB9000003891$2SpMaBN
=035  \\$a(OCoLC)434774649
=040  \\$aSpMaBN$bspa$cSpMaBN$erdc
=080  \\$a82-1.01
=245  00$aArs poetica$h[Texto impreso] :$bTexte von Dichtern des 20. Jahrhunderts zur Poetik$cherausgegeben von Beda Allemann
=250  \\$a[2. durchges., bericht. und erw. Aufl.]
=260  \\$aDarmstadt$bWissenschaftliche Buchgesellschaft$c1971
=300  \\$aXI, 483 p.$c22 cm
=504  \\$aÍndice
=650  \7$aPoética$2embne
=700  1\$aAllemann, Beda$eed. lit.
=995  \\$aBiblioteca Nacional de España

