=LDR  00779nam a2200217 i 4500
=001  bimo0000002827
=003  SpMaBN
=005  20220813004223.7
=008  871029s1987\\\\xxu\\\\\\\\\\\\\\\\\eng\\
=016  7\$abimoBNE19910028572$zSAB9000003906$2SpMaBN
=020  \\$a0-266-30603-8
=035  \\$a(OCoLC)434774716
=040  \\$aSpMaBN$bspa$cSpMaBN$erdc
=080  \\$a82:37(73)(091)
=100  1\$aGraff, Gerald$0XX1118866$1http://viaf.org/viaf/54223343/
=245  10$aProfessing literature$h[Texto impreso] :$ban institutional history$cGerald Graff
=260  \\$aChicago ;$aLondon$bUniversity of Chicago Press$ccop. 1987
=300  \\$aVII, 315 p.$c24 cm
=504  \\$aÍndice
=650  \7$aLiteratura$xEstudio y enseñanza$zEstados Unidos$vHistoria$2embne
=995  \\$aBiblioteca Nacional de España

