=LDR  00844nam a2200217 i 4500
=001  bimo0000002830
=003  SpMaBN
=005  20201217012111.5
=008  871029s1987\\\\xxu\\\\\\\\\\\\\\\\\eng\\
=016  7\$abimoBNE19910028606$zSAB9000003909$2SpMaBN
=020  \\$a0-226-32741-8
=035  \\$a(OCoLC)434774726
=040  \\$aSpMaBN$bspa$cSpMaBN$erdc
=080  \\$a820 Trollope, Anthony 1.06
=100  1\$aHerbert, Christopher$0XX1119005$1http://viaf.org/viaf/109119594/
=245  10$aTrollope and comic pleasure$h[Texto impreso]$cChristopher Herbert
=260  \\$aChicago ;$a London$bUniversity of Chicago Press$ccop. 1987
=300  \\$aX, 245 p.$c24 cm
=504  \\$aBibliografía: p. [227]-233. Índice
=600  17$aTrollope, Anthony$d(1815-1882)$xCrítica e interpretación$2embne$1http://viaf.org/viaf/61683295/
=995  \\$aBiblioteca Nacional de España

