=LDR  00941nam a2200253 i 4500
=001  bimo0000002858
=003  SpMaBN
=005  20190903010052.3
=008  871029s1984\\\\xxc\\\\\\\\\\\\\\\\\fre\\
=016  7\$abimoBNE19910028886$zSAB9000003938$2SpMaBN
=020  \\$a2-89040-325-4
=035  \\$a(OCoLC)434774856
=040  \\$aSpMaBN$bspa$cSpMaBN$erdc
=080  \\$a82(6).09
=100  1\$aGérard, Albert S.$0XX1721975$1http://viaf.org/viaf/31996844/
=245  10$aEssais d'histoire littéraire africaine$h[Texto impreso]$cAlbert Gérard
=260  \\$aSherbrooke, Québec$bNaaman ;$aParis$bAgence de cooperation culturelleet technique$ccop. 1984
=300  \\$a241 p.$c23 cm
=490  0\$aCollection Littératures$v8
=504  \\$aÍndice
=650  \7$aLiteratura africana$xHistoria y crítica$2embne
=650  \7$aAfrican literature$2ELB-n
=710  2\$aAgence de coopération culturelle et technique (París)
=995  \\$aBiblioteca Nacional de España

