=LDR  01066nam a2200277 i 4500
=001  bimo0000002860
=003  SpMaBN
=005  20201112084047.5
=008  871029s1978\\\\xxc\\\\\\\\\\\\\\\\\eng\\
=016  7\$abimoBNE19910028909$zSAB9000003940$2SpMaBN
=035  \\$a(OCoLC)434774865
=040  \\$aSpMaBN$bspa$cSpMaBN$erdc
=080  \\$a82(6-17)-31.09"19"
=080  \\$a396(0:82)
=100  1\$aAccad, Évelyne$0XX1165611$1http://viaf.org/viaf/79018672/
=245  10$aVeil of shame$h[Texto impreso] :$bthe role of women in the contemporary fiction of North Africa and the Arab world$cEvelyne Accad
=260  \\$aSherbrooke, Québec$bNaman$cD.L. 1978$eImpreso en España
=300  \\$a182 p.$c20 cm
=490  0\$aCollection "English series"$v4
=504  \\$aBibliografía: p. [171]-176. Índice
=650  \7$aNovela magrebí$yS.XX$xHistoria y crítica$2embne
=650  \7$aNovela árabe$yS.XX$xHistoria y crítica$2embne
=650  \7$aMujeres$xEn la literatura$2embne
=650  \7$aArab literature$2ELB-n
=650  \7$aNovel$2ELB-g
=995  \\$aBiblioteca Nacional de España

