=LDR  00966nam a2200277 i 4500
=001  bimo0000002880
=003  SpMaBN
=005  20190903010052.3
=008  871029s1983\\\\gw\\\\\\\\\\\\\\\\\\ger\\
=016  7\$abimoBNE19910029102$zSAB9000003961$2SpMaBN
=020  \\$a3-518-37380-3
=035  \\$a(OCoLC)434774970
=040  \\$aSpMaBN$bspa$cSpMaBN$erdc
=080  \\$a82-312.9.09(038)
=100  1\$aZondergeld, Rein A.$0XX993558$1http://viaf.org/viaf/74677141/
=245  10$aLexikon der phantastischen Literatur$h[Texto impreso]$cvon Rein A. Zondergeld
=250  \\$a[1. Aufl.]
=260  \\$aFrankfurt am Main$bSuhrkamp$c1983
=300  \\$a313 p.$c18 cm
=440  \0$aPhantastische Bibliothek$vBd. 91
=490  0\$aSuhrkamp Taschenbuch$v880
=504  \\$aBibliografía: p. 302-[303]. Índices
=650  \7$aLiteratura fantástica$vDiccionarios$2embne
=650  \7$aFantastic literature$2ELB-g
=830  \0$aSuhrkamp Taschenbuch$v880
=995  \\$aBiblioteca Nacional de España

