=LDR  01256nam a2200301 i 4500
=001  bimo0000002894
=003  SpMaBN
=005  20191213184417.6
=008  871029s1967\\\\xxu\\\\\\\\\\\\\\\\\spa\\
=016  7\$abimoBNE19910029247$zSAB9000003975$2SpMaBN
=017  \\$aV 1730-1967$bOficina Depósito Legal Valencia
=035  \\$a(OCoLC)434775016
=040  \\$aSpMaBN$bspa$cSpMaBN$erdc
=080  \\$a019.941:821.134.2(899)-31
=080  \\$a821.134.2(899)-3.09
=100  1\$aEnglekirk, John Eugene$0XX897211$1http://viaf.org/viaf/112771992/
=245  13$aLa narrativa uruguaya$h[Texto impreso] :$bestudio crítico-bibliográfico$cby John E. Englekirk and Margaret M. Ramos
=260  \\$aBerkeley ;$aLos Angeles$bUniversity of California Press$c1967
=300  \\$a338 p.$c23 cm
=440  \0$aUniversity of California publications in modern philology$v80
=500  \\$aEs fotocopia. Ann Arbor, Michigan : University Microfilms International, 1987
=504  \\$aBibliografía: p. [315]-322. Índices
=650  \7$aNovela uruguaya$vBibliografías críticas$2embne
=650  \7$aNovela uruguaya$xHistoria y crítica$2embne
=650  \7$aUruguayan literature$2ELB-n
=650  \7$aNovel$2ELB-g
=700  1\$aRamos, Margaret M.
=995  \\$aBiblioteca Nacional de España

