=LDR  01040nam a2200277 i 4500
=001  bimo0000002969
=003  SpMaBN
=005  20200515011101.6
=008  871030s1987\\\\sp\\\\\\\\\\\\\\\\\\cat\\
=015  \\$a1988-ENE-1988-DIC-15843
=016  7\$abimoBNE19910030003$zSAB9000004061$2SpMaBN
=017  \\$aB 310-1987$bOficina Depósito Legal Barcelona
=020  \\$a84-350-3370-8
=035  \\$a(OCoLC)1004298526
=040  \\$aSpMaBN$bspa$cSpMaBN$erdc
=080  \\$a820(73)-31"19"
=100  1\$aBradbury, Ray$d(1920-2012)$0XX1641453$1http://viaf.org/viaf/12305881/
=240  14$aThe martian chronicles$lCatalán
=245  14$aLes cròniques marcianes$h[Texto impreso]$cRay Bradbury ; traducció de Quim Monzó
=250  \\$a[1ª ed. de la traducció revisada a Edhasa Clàssics moderns]
=260  \\$aBarcelona$bEdhasa$c1987
=300  \\$a318 p.$c18 cm
=440  \0$aClàssics moderns
=500  \\$aTraducción de: The martian chronicles
=700  1\$aMonzó, Quim$d(1952-)$1http://viaf.org/viaf/41869620/
=995  \\$aBiblioteca Nacional de España

