=LDR  01052nam a22003017i 4500
=001  bimo0000002975
=003  SpMaBN
=005  20200128005624.3
=008  871030s1986\\\\sp\\\\\\\\\\\\\\\\\\spa\\
=015  \\$a1988-ENE-1988-DIC-16776
=016  7\$abimoBNE19910030069$zSAB9000004067$2SpMaBN
=017  \\$aB 32392-1986$bOficina Depósito Legal Barcelona
=020  \\$a84-339-1270-4
=035  \\$a(OCoLC)434775316
=040  \\$aSpMaBN$bspa$cSpMaBN$erdc
=080  \\$a820-31"19"
=100  1\$aSharpe, Tom$d(1928-2013)$0XX1022122$1http://viaf.org/viaf/73860182/
=240  10$aVintage stuff$lEspañol
=245  14$aUna dama en apuros$h[Texto impreso]$cTom Sharpe ; traducción de J.M. Álvarez Flórez y Ángela Pérez
=250  \\$a[3ª ed.]
=260  \\$aBarcelona$bAnagrama$c1986
=300  \\$a255 p.$c20 cm
=440  \0$aContraseñas$v70
=500  \\$aTraducción de: Vintage Stuff
=500  \\$aReimp. de la 1ª ed., 1985
=700  1\$aÁlvarez Flórez, José Manuel
=700  1\$aPérez, Ángela$qPérez Gómez
=995  \\$aBiblioteca Nacional de España

