=LDR  00937nam a22002657i 4500
=001  bimo0000002978
=003  SpMaBN
=005  20080724044926.5
=008  871030s1987\\\\sp\\\\\\\\\\\\\\\\\\spa\\
=015  \\$a1988-ENE-1988-DIC-16990
=016  7\$abimoBNE19910030092$zSAB9000004072$2SpMaBN
=017  \\$aM 7069-1987$bOficina Depósito Legal Madrid
=020  \\$a84-7417-064-8
=035  \\$a(OCoLC)434775331
=040  \\$aSpMaBN$bspa$cSpMaBN$erdc
=080  \\$a820(73)-31"19"
=100  1\$aWoodiwiss, Kathleen E.$0XX1084558$1http://viaf.org/viaf/22150341/
=240  10$aCome love a stranger$lEspañol
=245  10$aAmarás a un extraño$h[Texto impreso]$cKathleen Woodiwiss ; [traducción, Edith Zilli]
=260  \\$aBuenos Aires ;$aMadrid$bJavier Vergara$cD.L. 1987
=300  \\$a347 p.$c22 cm
=440  \0$aAmor y aventura
=500  \\$aTraducción de: Come love a stranger
=700  1\$aZilli, Edith
=995  \\$aBiblioteca Nacional de España

