=LDR  00971nam a22002777i 4500
=001  bimo0000002980
=003  SpMaBN
=005  20140226151316.4
=008  871030s1986\\\\sp\\\\\\\\\\\\\\\\\\spa\\
=015  \\$a1988-ENE-1988-DIC-16869
=016  7\$abimoBNE19910030115$zSAB9000004074$2SpMaBN
=017  \\$aB 31040-1986$bOficina Depósito Legal Barcelona
=020  \\$a84-7223-212-3
=035  \\$a(OCoLC)434775342
=040  \\$aSpMaBN$bspa$cSpMaBN$erdc
=080  \\$a820(73)-31"19"
=100  1\$aTheroux, Paul$d(1941-)$0XX1148171$1http://viaf.org/viaf/34463664/
=240  13$aLa costa de los mosquitos
=245  13$aLa costa de los mosquitos$h[Texto impreso]$cPaul Théroux ; [traducción de Manuel Sáenz de Heredia]
=250  \\$a[2ª ed.]
=260  \\$aBarcelona$bTusquets$c1986
=300  \\$a382 p.$c21 cm
=440  \0$aColección Andanzas$v12
=500  \\$aTraducción de: The mosquito coast
=700  1\$aSáenz de Heredia, Manuel
=995  \\$aBiblioteca Nacional de España

