=LDR  00906nam a2200253 i 4500
=001  bimo0000002981
=003  SpMaBN
=005  20210226010158.6
=008  871030s1986\\\\xxk\\\\\\\\\\\\\\\\\eng\\
=015  \\$a1988-ENE-1988-DIC-15862
=016  7\$abimoBNE19910030126$zSAB9000004075$2SpMaBN
=017  \\$aM 23382-1986$bOficina Depósito Legal Madrid
=020  \\$a84-401-1477-5
=035  \\$a(OCoLC)434775347
=040  \\$aSpMaBN$bspa$cSpMaBN$erdc
=080  \\$a820-31"18"
=100  1\$aBrontë, Emily$d(1818-1848)$0XX1149235$1http://viaf.org/viaf/97097302/
=240  10$aWuthering heights
=245  10$aWuthering Heights$h[Texto impreso]$cEmily Brontë ; introduction by Margaret Drabble
=260  \\$a[Madrid]$bS.A.P.E.$cD.L. 1986
=300  \\$aXXX, 288 p.$c19 cm
=440  \4$aThe Book lovers library
=700  1\$aDrabble, Margaret$d(1939-)$1http://viaf.org/viaf/10100/
=995  \\$aBiblioteca Nacional de España

