=LDR  00942nam a2200265 i 4500
=001  bimo0000002982
=003  SpMaBN
=005  20211222010808.4
=008  871030s1986\\\\sp\\\\\\\\\\\\\\\\\\spa\\
=015  \\$a1988-ENE-1988-DIC-16631
=016  7\$abimoBNE19910030137$zSAB9000004076$2SpMaBN
=017  \\$aB 24056-1986$bOficina Depósito Legal Barcelona
=020  \\$a84-270-1057-5
=035  \\$a(OCoLC)434775351
=040  \\$aSpMaBN$bspa$cSpMaBN$erdc
=080  \\$a820-31"19"
=100  1\$aMoorcock, Michael$d(1939-)$0XX993472$1http://viaf.org/viaf/109785773/
=245  10$aElric de Melniboné$h[Texto impreso]$cMichael Moorcock ; [traducción de Hernán Sabaté]
=260  \\$aBarcelona$bMartínez Roca$cD.L. 1986
=300  \\$a175 p.$bil.$c20 cm
=490  1\$aFantasy$v11
=500  \\$aTraducción de: Elric of Melniboné
=700  1\$aSabaté, Hernán
=830  \0$aFantasy (Ediciones Martínez Roca)$v11
=995  \\$aBiblioteca Nacional de España

