=LDR  01043nam a2200277 i 4500
=001  bimo0000002990
=003  SpMaBN
=005  20130523004003.5
=008  871030s1987\\\\sp\\\\\\\\\\\\\\\\\\spa\\
=015  \\$a1988-ENE-1988-DIC-15652
=016  7\$abimoBNE19910030216$zSAB9000004084$2SpMaBN
=017  \\$aB 13268-1987$bOficina Depósito Legal Barcelona
=020  \\$a84-270-1068-9
=035  \\$a(OCoLC)434775378
=040  \\$aSpMaBN$bspa$cSpMaBN$erdc
=080  \\$a82-322.9"19"(082.2)
=130  0\$aAnthology of stories from "The Twilight Zone Magazine"$lEspañol
=245  10$aHorror 2$h[Texto impreso] :$blos mejores relatos de "Twilight Zone"$c[traducción de Joseph M. Apfelbäume...(et al.)]
=260  \\$aBarcelona$bMartínez Roca$cD.L. 1987
=300  \\$a301 p.$c22 cm
=440  \0$aGran super terror
=500  \\$aTraducción de: Anthology of stories from "The Twilight zone magazine"
=650  \7$aNovelas de terror$2embne
=650  \7$aHorror novel$2ELB-g
=700  1\$aPomares, José M.$d(1943-)
=995  \\$aBiblioteca Nacional de España

