=LDR  01180nam a22003017i 4500
=001  bimo0000003004
=003  SpMaBN
=005  20190911015105.4
=008  871030s1986\\\\sp\\\\\\\\\\\\\\\\\\spa\\
=015  \\$a1988-ENE-1988-DIC-21028
=016  7\$abimoBNE19910030351$zSAB9000004098$2SpMaBN
=017  \\$aB 35583-1986$bOficina Depósito Legal Barcelona
=020  \\$a84-320-3874-1
=035  \\$a(OCoLC)434775443
=040  \\$aSpMaBN$bspa$cSpMaBN$dSpMaBN$dSpMaBN$erdc
=080  \\$a821.134.2-821"18"
=100  1\$aBécquer, Gustavo Adolfo$d(1836-1870)$0XX1719659$1http://viaf.org/viaf/39390815/
=243  10$aObra selecta
=245  10$aRimas$h[Texto impreso] ;$bLeyendas ; Cartas desde mi celda$cGustavo Adolfo Bécquer ; edición, introducción y notas de María del Pilar Palomo
=250  \\$a[3ª ed. en Clásicos universales Planeta]
=260  \\$aBarcelona$bPlaneta$c1986
=300  \\$aXXXIV, 220 p.$c18 cm
=440  \0$aClásicos universales Planeta$v43
=500  \\$aReim. de la 1ª ed., 1982
=700  1\$aPalomo, María del Pilar$d(1933-)$1http://viaf.org/viaf/51812783/
=740  02$aLeyendas.
=740  02$aCartas desde mi celda.
=995  \\$aBiblioteca Nacional de España

