=LDR  01266nam a2200349 i 4500
=001  bimo0000003006
=003  SpMaBN
=005  20210226151311.6
=008  871030s19861979sp\\\\\\\\\\\\\\\\\\spa\\
=015  \\$a1988-ENE-1988-DIC-17028
=016  7\$abimoBNE19910030373$zSAB9000004100$2SpMaBN
=017  \\$aM 25238-1986$bOficina Depósito Legal Madrid
=020  \\$a84-206-3055-1
=035  \\$a(OCoLC)434775452
=040  \\$aSpMaBN$bspa$cSpMaBN$erdc
=080  \\$a821.112.2(436)-31"19"
=080  \\$a929 Virgilio Marón, Publio (0:82)
=100  1\$aBroch, Hermann$d(1886-1951)$0XX1152651$1http://viaf.org/viaf/59079659/
=240  14$aDer Tod des Vergil$lEspañol
=245  13$aLa muerte de Virgilio$h[Texto impreso]$c[versión de J.M. Ripalda sobre traducción de A. Gregori]
=250  \\$a[1ª ed.]
=260  \\$aMadrid$bAlianza Editorial$c1979$g1986
=300  \\$a489 p.$c20 cm
=380  \\$iMajor genre$aLiterature$leng
=381  \\$iMajor genre$aFiction$leng
=440  \0$aAlianza tres$v55
=500  \\$aTraducción de: Der tod des Vergil
=600  17$aVirgilio Marón, Publio$vNovelas$2embne
=655  \7$aNovelas históricas$2tgfbne
=700  1\$aRipalda, José María
=700  1\$aGregori, Arístides$etraductor
=995  \\$aBiblioteca Nacional de España

