=LDR  01158cam a22002897  4500
=001  bimo0000003007
=003  SpMaBN
=005  20210125124243.2
=008  871030s1984\\\\sp\|\\\\\\\\\\00|\||spa\\
=015  \\$a1988-ENE-1988-DIC-16207
=016  7\$abimoBNE19910030384$zSAB9000004101$zBNE19921211230$zIBH8605108953$zBNE19920854760 $zIBH8505924517$2SpMaBN
=017  \\$aB 20206-1984$bOficina Depósito Legal Barcelona
=020  \\$a84-7634-143-1
=035  \\$a(OCoLC)434775458
=040  \\$aSpMaBN$bspa$cSpMaBN$erdc
=041  1\$aspa$heng
=080  \\$a820(73)-31"19"
=100  1\$aGardner, Erle Stanley$0XX1150353$1http://viaf.org/viaf/97201005/
=243  10$aObra selecta$lEspañol
=245  13$aEl caso de la fotografía indiscreta$h[Texto impreso] ;$bEl caso de la chica del night-club ; El caso de la dama soñolienta$cErle Stanley Gardner
=260  \\$aBarcelona$bOrbis$c[1984]
=300  \\$a381 p.$c21 cm
=490  0\$aObras selectas de Erle Stanley Gardner$v21
=490  0\$aGrandes maestros del crimen y misterio$v93
=740  3\$aEl caso de la chica del night club.
=740  3\$aEl caso de la dama soñolienta.
=995  \\$aBiblioteca Nacional de España

