=LDR  01077nam a2200301 i 4500
=001  bimo0000003008
=003  SpMaBN
=005  20211001015159.6
=008  871030s1978\\\\sp\|\\\\\\\\\\|||\||spa\\
=015  \\$a1988-ENE-1988-DIC-16766
=016  7\$abimoBNE19910030395$zSAB9000004102$2SpMaBN
=017  \\$aM 1863-1978$bOficina Depósito Legal Madrid
=020  \\$a84-03-00959-3
=035  \\$a(OCoLC)434775465
=040  \\$aSpMaBN$bspa$cSpMaBN$erdc
=041  1\$aspa$heng
=080  \\$a820-2"15"
=080  \\$a820-14"15"
=100  1\$aShakespeare, William$d(1564-1616)$0XX1020842$1http://viaf.org/viaf/96994048/
=243  10$aObras$lEspañol
=245  10$aObras completas$h[Texto impreso]$cWilliam Shakespeare ; estudio preliminar, traducción y notas de Luis Astrana Marín
=250  \\$a[16 ed.]
=260  \\$aMadrid$bAguilar$g1978
=300  \\$a2 v.$bil.$c18 cm
=440  \0$aColección Obras eternas
=500  \\$a"Primera versión íntegra del inglés"
=700  1\$aAstrana Marín, Luis$d(1889-1959)$1http://viaf.org/viaf/111693633/
=995  \\$aBiblioteca Nacional de España

