=LDR  01049nam a22002777i 4500
=001  bimo0000003014
=003  SpMaBN
=005  20200515011101.6
=008  871030s1987\\\\sp\\\\\\\\\\\\\\\\\\spa\\
=015  \\$a1988-ENE-1988-DIC-16674
=016  7\$abimoBNE19910030452$zSAB9000004108$2SpMaBN
=017  \\$aB 2555-1987$bOficina Depósito Legal Barcelona
=020  \\$a84-278-1138-1
=035  \\$a(OCoLC)434775482
=040  \\$aSpMaBN$bspa$cSpMaBN$erdc
=080  \\$a820(73)-32"18"
=100  1\$aPoe, Edgar Allan$d(1809-1849)$0XX895673$1http://viaf.org/viaf/60351476/
=243  10$aCuentos$lEspañol
=245  13$aEl Barril de amontillado y siete cuentos más$h[Texto impreso]$cEdgar Allan Poe ; [traducción, María Cristina Reiss Raimundo ; ilustraciones, Ramón Calsina]
=260  \\$aBarcelona$bNauta$cD.L. 1987
=300  \\$a146 p.$bil.$c22 cm
=490  1\$aClásicos$vv. 8
=700  1\$aReiss Raimundo, María Cristina
=700  1\$aCalsina, Ramón$d(1901-1992)
=830  \0$aClásicos (Ediciones Nauta)$vv. 8
=995  \\$aBiblioteca Nacional de España

