=LDR  00927nam a2200265 i 4500
=001  bimo0000003027
=003  SpMaBN
=005  20200515011101.6
=008  871030s1987\\\\sp\\\\\\\\\\\\\\\\\\spa\\
=015  \\$a1988-ENE-1988-DIC-16043
=016  7\$abimoBNE19910030586$zSAB9000004122$2SpMaBN
=017  \\$aB 3668-1987$bOficina Depósito Legal Barcelona
=020  \\$a84-322-4015-X
=035  \\$a(OCoLC)434775530
=040  \\$aSpMaBN$bspa$cSpMaBN$erdc
=080  \\$a820(73)-31"19"
=100  1\$aCondon, Richard$d(1915-1996)$0XX1721954$1http://viaf.org/viaf/63975603/
=240  10$aPrizzi's family$lEspañol
=245  13$aLa familia Prizzi$h[Texto impreso]$cRichard Condon ; [traducción de Horacio González Trejo]
=250  \\$a[1ª ed.]
=260  \\$aBarcelona$bSeix Barral$c1987
=300  \\$a230 p.$c21 cm
=500  \\$aTraducción de: Prizzi's family
=700  1\$aGonzález Trejo, Horacio
=995  \\$aBiblioteca Nacional de España

