=LDR  00914nam a2200265 i 4500
=001  bimo0000003059
=003  SpMaBN
=005  20200515011101.6
=008  871030s1986\\\\sp\\\\\\\\\\\\\\\\\\spa\\
=015  \\$a1988-ENE-1988-DIC-16178
=016  7\$abimoBNE19910030902$zSAB9000004157$2SpMaBN
=017  \\$aB 30879-1986$bOficina Depósito Legal Barcelona
=020  \\$a84-270-0915-1
=035  \\$a(OCoLC)434775634
=040  \\$aSpMaBN$bspa$cSpMaBN$erdc
=080  \\$a820(73)-31"19"
=100  1\$aFireside, Carolyn$0XX1643704$1http://viaf.org/viaf/87381654/
=240  10$aAnything but love$lEspañol
=245  10$aCualquier cosa menos amor$h[Texto impreso]$cCarolyn Fireside ; [traducción de Jordi Fibla]
=260  \\$aBarcelona$bMartínez Roca$c1986
=300  \\$a270 p.$c20 cm
=440  \0$aNueva fontana
=500  \\$aTraducción de: Anything but love
=700  1\$aFibla, Jordi
=995  \\$aBiblioteca Nacional de España

