=LDR  01084nam a2200301 i 4500
=001  bimo0000003066
=003  SpMaBN
=005  20210223165156.3
=008  871030s1986\\\\sp\\\\\\\\\\\\\\\\\\cat\\
=015  \\$a1988-ENE-1988-DIC-15913
=016  7\$abimoBNE19910030979$zSAB9000004164$2SpMaBN
=017  \\$aB 38660-1986$bOficina Depósito Legal Barcelona
=020  \\$a84-297-1941-5
=035  \\$a(OCoLC)434775668
=040  \\$aSpMaBN$bspa$cSpMaBN$erdc
=041  1\$acat$heng
=080  \\$a820-31"19"
=100  1\$aChase, James Hadley$d(1906-1985)$0XX836130$1http://viaf.org/viaf/111676078/
=240  14$aGuilty are afraid$lCatalán
=245  14$aEls culpables tenen por$h[Texto impreso]$cJames Hadley Chase ; traducció de Josep Vallverdú
=250  \\$a[2ª ed.]
=260  \\$aBarcelona$bEdicions$c1986
=300  \\$a172 p.$c18 cm
=440  \0$aSeleccions de La cua de palla$v19
=500  \\$aTraducción de: The guilty are afraid
=500  \\$aReimp. de la 1ª ed., 1982
=700  1\$aVallverdú, Josep$d(1923-)$1http://viaf.org/viaf/4944559/
=995  \\$aBiblioteca Nacional de España

