=LDR  00795nam a2200229 i 4500
=001  bimo0000003084
=003  SpMaBN
=005  20090505154305.3
=008  871030s1986\\\\hu\\\\\\\\\\\\\\\\\\eng\\
=016  7\$abimoBNE19910031161$zSAB9000004184$2SpMaBN
=020  \\$a963-05-3832-6
=035  \\$a(OCoLC)434775738
=040  \\$aSpMaBN$bspa$cSpMaBN$erdc
=080  \\$a82(66/67).09(042)
=245  00$aEuropean-language writing in Sub-Saharan Africa$h[Texto impreso]$cedited by Albert S. Gérard
=260  \\$aBudapest$bAkadémiai Kiadó$c1986
=300  \\$a2 v. (1288 p.)$c25 cm
=504  \\$aBibliografía: v. 2, p. 1239-1257. Índice
=650  \7$aLiteratura africana$xHistoria y crítica$2embne
=650  \7$aAfrican literature$2ELB-n
=700  1\$aGérard, Albert S.
=995  \\$aBiblioteca Nacional de España

