=LDR  01036cam a2200289 c 4500
=001  bimo0000003100
=003  SpMaBN
=005  20210127005435.4
=008  871030s1982\\\\sp\\\\\\\\\\\\000\p\glg\\
=015  \\$a1988-ENE-1988-DIC-21603
=016  7\$abimoBNE19910031330$zSAB9000004206$2SpMaBN
=017  \\$aVG 92-1986$bOficina Depósito Legal Vigo
=020  \\$a84-7154-415-6
=035  \\$a(OCoLC)434775786
=040  \\$aSpMaBN$bspa$cSpMaBN$erdc
=080  \\$a821.134.4-14"18"
=080  \\$a821.134.4-1$2summary
=100  1\$aCastro, Rosalía de$d(1837-1885)$0XX881851$1http://viaf.org/viaf/51711491/
=240  10$aCantares gallegos
=245  10$aCantares gallegos$c[Rosalía de Castro]
=260  \\$aVigo$bGalaxia$cD.L. 1982
=300  \\$a177 p.$c18 cm
=336  \\$aTexto (visual)$2isbdcontent
=337  \\$asin mediación$2isbdmedia
=490  0\$aBiblioteca básica da cultura galega$v29. Literatura
=856  41$uhttp://bdh-rd.bne.es/viewer.vm?id=0000185741&page=1$yBiblioteca Digital Hispánica
=995  \\$aBiblioteca Nacional de España

