=LDR  01233nam a2200337 i 4500
=001  bimo0000003101
=003  SpMaBN
=005  20221116004743.4
=008  871030s1987\\\\sp\\\\\\\\\\\\\\\\\\spa\\
=015  \\$a1988-ENE-1988-DIC-16337
=016  7\$abimoBNE19910031341$zSAB9000004207$2SpMaBN
=017  \\$aNA 1444-1986$bOficina Depósito Legal Navarra
=020  \\$a84-7386-354-2
=035  \\$a(OCoLC)434775789
=040  \\$aSpMaBN$bspa$cSpMaBN$erdc
=080  \\$a820(73)-31"19"
=100  1\$aHerbert, Frank$d(1920-1986)$0XX1145519$1http://viaf.org/viaf/59083797/
=240  10$aDune Messiah$lEspañol
=245  13$aEl mesías de Dune$h[Texto impreso]$cFrank Herbert ; [traducción, Domingo Santos]
=250  \\$a[4ª ed.]
=260  \\$aBarcelona$bUltramar$c1987
=300  \\$a305 p.$c18 cm
=490  1\$aDune$v2
=490  1\$aBolsillo$v76.$aCiencia ficción$v9
=500  \\$aTraducción de: Dune Messiah
=500  \\$aReimp. de la 1ª ed., 1984
=700  1\$aSantos, Domingo$d(1941-2018)$1http://viaf.org/viaf/72726712/
=800  1\$aHerbert, Frank$d1920-1986$tDune$lEspañol$v2
=830  \0$aBolsillo (Ultramar Editores)$v76
=830  \0$aBolsillo (Ultramar Editores).$pCiencia ficción
=995  \\$aBiblioteca Nacional de España

