=LDR  01010nam a2200277 i 4500
=001  bimo0000003104
=003  SpMaBN
=005  20200515011101.6
=008  871030s1986\\\\sp\\\\\\\\\\\\\\\\\\spa\\
=015  \\$a1988-ENE-1988-DIC-16723
=016  7\$abimoBNE19910031374$zSAB9000004211$2SpMaBN
=017  \\$aB 21445-1986$bOficina Depósito Legal Barcelona
=020  \\$a84-01-32166-2
=035  \\$a(OCoLC)434775893
=040  \\$aSpMaBN$bspa$cSpMaBN$erdc
=080  \\$a820(73)-31"19"
=100  1\$aRobbins, Harold$d(1916-1997)$0XX970336$1http://viaf.org/viaf/100259954/
=240  10$aWhere love has gone$lEspañol
=245  14$aLos profanadores del amor$h[Texto impreso]$cHarold Robbins ; [traducción de Roger Vázquez de Parga]
=250  \\$a[1ª ed.]
=260  \\$aEsplugues de Llobregat, Barcelona$bPlaza & Janés$c1986
=300  \\$a285 p.$c22 cm
=440  \0$aPlaza & Janés éxitos
=500  \\$aTraducción de: Where love has gone
=700  1\$aVázquez de Parga, Roger
=995  \\$aBiblioteca Nacional de España

