=LDR  01055nam a2200289 i 4500
=001  bimo0000003107
=003  SpMaBN
=005  20230222004316.4
=008  871030s1986\\\\sp\\\\\\\\\\\\\\\\\\spa\\
=015  \\$a1988-ENE-1988-DIC-15828
=016  7\$abimoBNE19910031408$zSAB9000004214$2SpMaBN
=017  \\$aB 41395-1986$bOficina Depósito Legal Barcelona
=020  \\$a84-7634-408-2
=035  \\$a(OCoLC)733187840
=040  \\$aSpMaBN$bspa$cSpMaBN$erdc
=080  \\$a820(73)-31"19"
=100  1\$aBester, Alfred$0XX844906$1http://viaf.org/viaf/56605956/
=240  14$aThe computer connection$lEspañol
=245  10$aComputer connection$h[Texto impreso]$cAlfred Bester ; [traducción, Domingo Santos y Sebastián Castro]
=250  \\$a[2ª ed.]
=260  \\$aBarcelona$bOrbis$c1986
=300  \\$a255 p.$c20 cm
=440  \0$aBiblioteca de ciencia ficción$v35
=500  \\$aTraducción de: The computer connection
=700  1\$aSantos, Domingo$d(1941-2018)$1http://viaf.org/viaf/72726712/
=700  1\$aCastro, Sebastián
=995  \\$aBiblioteca Nacional de España

