=LDR  00971nam a2200265 i 4500
=001  bimo0000003110
=003  SpMaBN
=005  20080724044927.5
=008  871102s1987\\\\sp\\\\\\\\\\\\\\\\\\spa\\
=015  \\$a1988-ENE-1988-DIC-15958
=016  7\$abimoBNE19910031431$zSAB9000004218$2SpMaBN
=017  \\$aM 8240-1987$bOficina Depósito Legal Madrid
=020  \\$a84-7461-908-4
=035  \\$a(OCoLC)434776005
=040  \\$aSpMaBN$bspa$cSpMaBN$erdc
=080  \\$a820-31"19"
=100  1\$aChristie, Agatha$d(1890-1976)$0XX1056186$1http://viaf.org/viaf/71388952/
=240  14$aThe mysterious Mr. Quin$lEspañol
=245  13$aEl enigmático Mr. Quin$h[Texto impreso]$cAgatha Christie ; [traducción de Manuel Amechazurra]
=260  \\$aMadrid$bPromoción y Ediciones$cD.L. 1987
=300  \\$a254 p.$c18 cm
=440  \0$aClub de amigos de Agatha Christie
=500  \\$aTraducción de: The mysterious Mr. Quin
=700  1\$aAmechazurra, Manuel
=995  \\$aBiblioteca Nacional de España

