=LDR  00885nam a2200265 i 4500
=001  bimo0000003114
=003  SpMaBN
=005  20200515011102.6
=008  871102s1987\\\\sp\\\\\\\\\\\\\\\\\\spa\\
=015  \\$a1988-ENE-1988-DIC-16236
=016  7\$abimoBNE19910031475$zSAB9000004222$2SpMaBN
=017  \\$aB 4418-1987$bOficina Depósito Legal Barcelona
=020  \\$a84-86311-59-4
=035  \\$a(OCoLC)434776030
=040  \\$aSpMaBN$bspa$cSpMaBN$erdc
=080  \\$a820(73)-31"19"
=100  1\$aGoodis, David$d(1917-1967)$0XX924526$1http://viaf.org/viaf/49226261/
=245  13$aEl anochecer$h[Texto impreso]$cDavid Goodis ; [traducción de Jorge Luis Mustieles]
=250  \\$a[1ª ed.]
=260  \\$aBarcelona$bVersal$c1987
=300  \\$a207 p.$c18 cm
=440  \0$aCrimen & Cía.$v6
=500  \\$aTraducido de: Nightfall
=700  1\$aMustieles, Jordi
=995  \\$aBiblioteca Nacional de España

