=LDR  01403nam a2200289 i 4500
=001  bimo0000003140
=003  SpMaBN
=005  20201008011750.5
=008  871102s\\\\\\\\sp\\\\\\\\\\\\\\\\\\spa\\
=015  \\$a1988-ENE-1988-DIC-16630
=016  7\$abimoBNE19910031734$zSAB9000004252$2SpMaBN
=017  \\$aGC 366-1985$bOficina Depósito Legal Gran Canaria
=035  \\$a(OCoLC)434776243
=040  \\$aSpMaBN$bspa$cSpMaBN$erdc
=080  \\$a820 Auden, W.H. 7 Spain.06
=080  \\$a820(73) Ashbery, John 7 Self-Portrait in a Convex Mirror.06
=080  \\$a820 Patten, Brian 7 Little Johnny's Confession.06
=100  1\$aMonterrey Rodríguez, José Tomás$0XX843185$1http://viaf.org/viaf/87665943/
=245  10$aAuden, Ashbery y Patten$h[Texto impreso] :$b(comentario poético)$cautores, José Tomás Monterrey Rodríguez, Juan Francisco Mendoza Rubio
=260  \\$aLas Palmas$bUniversidad Politécnica, Escuela Universitaria Politécnica$c1985
=300  \\$a52 h.$c29 cm
=600  17$aAuden, W. H.$d(1907-1973)$tSpain$2embne$1http://viaf.org/viaf/2465832/
=600  17$aAshbery, John$d(1927-2017)$tSelf-Portrait in a Convex Mirror$2embne$1http://viaf.org/viaf/100001869/
=600  17$aPatten, Brian$tLittle Johnny's Confession$2embne
=700  1\$aMendoza Rubio, Juan Francisco
=710  2\$aUniversidad Politécnica de Las Palmas$bEscuela Universitaria Politécnica
=995  \\$aBiblioteca Nacional de España

