=LDR  01078nam a2200289 i 4500
=001  bimo0000003250
=003  SpMaBN
=005  20191024010225.5
=008  871102s1986\\\\sp\\\\\\\\\\\\\\\\\\spa\\
=015  \\$a1988-ENE-1988-DIC-17283
=016  7\$abimoBNE19910032847$zSAB9000004365$2SpMaBN
=017  \\$aM 14142-1986$bOficina Depósito Legal Madrid
=020  \\$a84-7517-180-X
=035  \\$a(OCoLC)434776783
=040  \\$aSpMaBN$bspa$cSpMaBN$erdc
=080  \\$a821.133.1-32"18"
=100  1\$aGautier, Théophile$d(1811-1872)$0XX1151168$1http://viaf.org/viaf/96428598/
=245  13$aLa muerta enamorada$h[Texto impreso]$cThéophile Gautier ; traducción, introducción y notas, Santiago R. Santerbás
=260  \\$aMadrid$bHiperión$cD.L. 1986
=300  \\$a62 p.$c16 cm
=380  \\$iMajor genre$aLiterature$leng
=381  \\$iMajor genre$aFiction$leng
=440  \0$aPequeña biblioteca Hiperión$v2
=500  \\$aTraducción de: La morte amoureuse
=655  \7$aCuentos fantásticos$2tgfbne
=700  1\$aSanterbás, Santiago R.$d(1937-)
=995  \\$aBiblioteca Nacional de España

