=LDR  00968nam a2200277 i 4500
=001  bimo0000003256
=003  SpMaBN
=005  20200515011102.6
=008  871102s1986\\\\sp\\\\\\\\\\\\\\\\\\cat\\
=015  \\$a1988-ENE-1988-DIC-15845
=016  7\$abimoBNE19910032904$zSAB9000004372$2SpMaBN
=017  \\$aB 28097-1986$bOficina Depósito Legal Barcelona
=020  \\$a84-350-3364-3
=035  \\$a(OCoLC)434776799
=040  \\$aSpMaBN$bspa$cSpMaBN$erdc
=080  \\$a820(73)-31"19"
=100  1\$aBradbury, Ray$d(1920-2012)$0XX1641453$1http://viaf.org/viaf/12305881/
=240  10$aFahrenheit 451$lCatalán
=245  10$aFahrenheit 451$h[Texto impreso]$cRay Bradbury ; traducció de Jaume Subirana
=250  \\$a[1ª ed.]
=260  \\$aBarcelona$bEdhasa$c1986
=300  \\$a231 p.$c18 cm
=440  \0$aClàssics moderns
=500  \\$aTraducción de: Fahrenheit 451
=700  1\$aSubirana, Jaume$d(1963-)$1http://viaf.org/viaf/30743694/
=995  \\$aBiblioteca Nacional de España

