=LDR  00953nam a2200265 i 4500
=001  bimo0000003272
=003  SpMaBN
=005  20200515011102.6
=008  871102s1975\\\\sp\\\\\\\\\\\\\\\\\\spa\\
=015  \\$a1988-ENE-1988-DIC-15926
=016  7\$abimoBNE19910033062$zSAB9000004390$2SpMaBN
=017  \\$aB 12180-1975$bOficina Depósito Legal Barcelona
=020  \\$a84-272-0013-7
=035  \\$a(OCoLC)434776847
=040  \\$aSpMaBN$bspa$cSpMaBN$erdc
=041  1\$aspa$heng
=080  \\$a820-31"19"
=100  1\$aChristie, Agatha$d(1890-1976)$0XX1056186$1http://viaf.org/viaf/71388952/
=245  13$aEl asesinato de Rogelio Ackroyd$h[Texto impreso]$cAgatha Christie ; [traducción de G. Bernard de Ferrer]
=260  \\$aBarcelona$bMolino$cD.L. 1975
=300  \\$a238 p.$c17 cm
=440  \0$aSelecciones de Biblioteca oro$v13
=500  \\$aTraducción de: The murder of Roger Ackroyd
=700  1\$aBernard de Ferrer, G.
=995  \\$aBiblioteca Nacional de España

