=LDR  00988nam a2200265 i 4500
=001  bimo0000003273
=003  SpMaBN
=005  20200205013847.4
=008  871102s1986\\\\sp\\\\\\\\\\\\\\\\\\spa\\
=015  \\$a1988-ENE-1988-DIC-15994
=016  7\$abimoBNE19910033073$zSAB9000004391$2SpMaBN
=017  \\$aB 42427-1986$bOficina Depósito Legal Barcelona
=020  \\$a84-272-0280-6
=035  \\$a(OCoLC)434776851
=040  \\$aSpMaBN$bspa$cSpMaBN$erdc
=080  \\$a820-31"19"
=100  1\$aChristie, Agatha$d(1890-1976)$0XX1056186$1http://viaf.org/viaf/71388952/
=240  10$aPoirot infringe la ley
=245  10$aPoirot infringe la ley$h[Texto impreso]$cAgatha Christie ; [traducción de M. Lourdes Pol de Ramírez]
=260  \\$aBarcelona$bMolino$cD.L. 1986
=300  \\$a222 p.$c17 cm
=440  \0$aSelecciones de Biblioteca oro$v280
=500  \\$aTraducción de: The veiled lady ; The hound of death ; Doutle sin
=700  1\$aPol de Ramírez, M. L.
=995  \\$aBiblioteca Nacional de España
